2650 3903
1150 204 1537 257 -L-

480 354 758 419 Omnino
806 358 1023 418 autem
1069 353 1137 416 in
1181 353 1305 417 hoc
1354 353 1481 417 sibi
1527 352 1790 416 minime
1829 356 2145 437 constant,
2192 353 2365 436 quod

334 461 794 546 philosopham
851 459 1467 524 demonstrationem
1531 458 1915 547 (syHogism.
1972 464 2039 523 et
2091 457 2362 545 induct.)

333 566 603 650 politico
641 567 832 632 modo
871 566 1027 629 dant
1065 566 1255 628 modo
1296 565 1607 648 adimunt,
1645 570 1717 629 ut
1747 565 2138 650 ignoremus,
2176 586 2364 649 quae·

331 695 484 736 nam
521 673 652 750 ἕξις
688 682 803 756 τῆς
839 678 1178 754 πολιτικῆς
1205 671 1550 754 δυνάμεως
1586 669 1980 752 philosopho
2017 670 2365 735 tribuenda

334 779 420 843 sit
467 774 1080 866 (xxxlx—XLV).

468 883 699 966 [Dixit,
737 883 996 966 opinor,
1042 882 1441 946 adversarius
1489 903 1635 944 eum
1681 880 2003 962 optimum
2051 903 2188 944 esse
2228 903 2364 945 ora-

332 993 561 1071 torem,
608 1011 799 1071 quem
844 988 1149 1051 facillime
1187 986 1520 1050 audientes
1557 986 1987 1071 intellegant]
2053 985 2178 1050 Sed
2215 1008 2362 1050 cum

334 1095 403 1158 in
450 1094 595 1157 aliis
640 1098 782 1157 tum
827 1094 896 1157 in
942 1094 1044 1157 his
1091 1094 1353 1157 confuse
1399 1091 1715 1176 loquitur,
1766 1092 1938 1175 quod
1982 1115 2116 1157 non
2161 1091 2360 1175 expli-

335 1200 495 1285 cuit,
561 1204 876 1284 quatenus
941 1222 1059 1282 per
1123 1222 1189 1263 se
1254 1199 1292 1262 i.
1352 1221 1401 1262 e.
1469 1198 1863 1285 cogitatione
1923 1204 1989 1263 et
2045 1203 2362 1283 quatenus

335 1306 603 1370 scientia
638 1304 900 1390 linguae
938 1305 1272 1370 audientes
1309 1309 1632 1370 oratorem
1661 1305 1842 1389 sequi
1872 1306 2140 1389 possint.
2192 1304 2363 1370 Nam

337 1432 751 1497 quaecunque
833 1411 1333 1497 intelleguntur,
1415 1412 1663 1476 remota
1736 1412 2025 1476 oratione
2098 1410 2364 1494 physica

337 1518 611 1603 quadam
656 1539 871 1581 rerum
918 1519 1337 1583 obscurarum
1384 1517 1828 1582 aestimatione
1866 1521 2197 1600 tamquam
2234 1521 2364 1580 tru-

335 1625 473 1688 tina
518 1628 712 1706 atque
759 1622 1060 1687 rationali
1109 1647 1357 1710 eorum,
1410 1646 1571 1708 quae
1618 1628 1877 1707 praesto
1925 1628 2101 1708 sunt,
2149 1624 2363 1687 obser-

334 1730 592 1796 vatione
639 1728 1010 1812 penduntur
1057 1735 1120 1794 et
1168 1731 1549 1815 iudicantur,
1594 1735 1667 1794 ut
1713 1730 1818 1794 hic
1865 1729 2186 1812 method0‚
2231 1750 2365 1791 non

337 1836 608 1919 peritiae
645 1834 826 1898 locus
865 1834 966 1898 sit.
1040 1835 1129 1899 Et
1167 1835 1289 1900 hoc
1329 1837 1587 1920 quidem
1625 1837 1705 1899 ad
1742 1837 2015 1900 formam
2054 1834 2365 1899 orationis

336 1941 636 2027 pertinet.
695 1939 835 2004 Nec
872 1944 1089 2005 tamen
1127 1942 1204 2005 de
1242 1943 1439 2009 rebus
1476 1942 1706 2008 melius
1744 1942 2050 2008 iudicavit
2079 1938 2363 2029 (XLVI)

336 2102 347 2114 .
382 2101 437 2114 ..
486 2047 553 2113 Si
600 2046 1026 2132 physiologus
1074 2047 1150 2111 de
1197 2051 1394 2115 rebus
1439 2050 1778 2116 rhetoricis
1823 2073 1955 2115 non
1999 2050 2185 2134 peius
2208 2033 2211 2036 ¹
2233 2071 2367 2114 ora-

335 2161 474 2221 tore
521 2154 700 2239 loqui
747 2158 993 2239 potest,
1039 2154 1182 2220 ideo
1227 2177 1360 2220 non
1407 2155 1579 2239 apud
1625 2157 1886 2239 plebem
1933 2156 2130 2220 verba
2174 2156 2367 2220 faciet

337 2268 402 2326 et
460 2265 677 2325 orator
732 2260 870 2324 erit.
961 2260 1190 2343 Neque
1241 2261 1353 2324 ille
1400 2261 1750 2325 architecto
1799 2261 2028 2325 similis
2076 2267 2200 2345 est,
2257 2260 2367 2343 qui

339 2366 591 2430 etiamsi
645 2387 776 2428 non
827 2365 1146 2448 aedificet,
1200 2370 1417 2428 tamen
1466 2387 1605 2427 eam
1654 2387 1846 2446 quam
1893 2366 2116 2428 didicit
2162 2370 2367 2428 artem

339 2494 484 2535 cum
538 2470 694 2534 velit
751 2469 935 2532 edere
984 2468 1207 2551 possit.
1297 2467 1577 2550 Physico
1626 2471 1843 2530 autem
1887 2489 2096 2548 neque
2144 2489 2181 2528 a
2226 2467 2367 2549 phi-

337 2575 638 2659 losophia
699 2595 907 2657 neque
974 2594 1011 2634 a
1070 2570 1337 2653 politica
1400 2570 1550 2634 talis
1613 2570 1887 2633 facultas
1951 2570 2186 2633 iniecta
2252 2575 2365 2634 est.

338 2683 688 2765 Perspecto
746 2679 948 2766 igitur
990 2676 1434 2759 Nausiphanis
1490 2697 1701 2739 errore
1758 2680 2031 2758 apparet
2086 2676 2366 2760 philoso-

340 2789 545 2872 phum
600 2788 953 2872 ingenuum
1000 2806 1037 2847 a
1065 2782 1440 2877 ’rhetoricae
1496 2780 1710 2845 studio
1767 2803 1904 2845 esse
1960 2782 2367 2847 retinendum

342 2889 1016 2981 (XLVII-XLVIII).
1152 2888 1161 2897 ’

475 2999 875 3082 Quamquam
934 2996 1137 3081 igitur
1190 2994 1377 3058 venia
1432 2994 1637 3058 danda
1692 2998 1790 3058 est
1846 2995 1931 3081 ei,
1997 2997 2107 3080 qui
2161 2997 2370 3061 victus

344 3104 687 3189 quaerendi
727 3125 917 3167 causa
955 3100 1350 3185 aliquamdiu
1388 3099 1775 3164 rhetoricam
1821 3099 2017 3186 (sicut
2054 3124 2368 3187 gramma-

343 3211 539 3276 ticam
574 3210 677 3274 vel
714 3205 1190 3293 palaestricam)
1230 3206 1471 3291 doceat,
1517 3212 1735 3270 tamen
1772 3207 1852 3270 ad
1887 3206 2369 3289 philosophiam

343 3383 459 3421 non
496 3365 636 3420 satis
674 3365 950 3436 dispicere
986 3382 1229 3435 possum.
1298 3364 1407 3418 Sed
1443 3380 1573 3434 pag.
1605 3363 1778 3417 XLIV
1818 3363 1886 3417 de
1915 3362 2231 3416 Metrodoro
2271 3360 2368 3430 agi

344 3457 508 3524 put03
557 3456 626 3510 cf.
655 3472 849 3525 papyr.
881 3460 982 3508 821
1022 3453 1125 3508 col.
1156 3452 1368 3506 XXXII
1405 3455 1464 3507 et
1497 3469 1628 3523 pag.
1660 3459 1763 3507 239
1786 3467 1926 3519 sqq„
1965 3465 2110 3518 quae
2138 3448 2368 3518 quidem

345 3542 657 3612 disputatio
694 3544 826 3598 huic
862 3541 1164 3614 persimilis
1200 3545 1302 3597 est.
