2650 3903
1159 202 1433 256 —LII
1531 229 1604 239 -—

359 356 598 435 autem,
645 371 807 434 quae
854 354 994 414 tota
1040 351 1120 413 ad
1166 351 1486 433 privatam
1522 351 1723 415 vitam
1761 351 2103 435 pertineat,
2149 357 2393 418 certam

363 465 429 523 et
474 480 693 522 veram
738 456 1090 521 utilitatem
1137 458 1492 542 continere,
1549 479 1676 542 qua
1721 457 1848 522 sibi
1897 458 2192 542 quisque,
2248 481 2393 541 pro-

364 563 654 649 pinquis,
710 563 932 627 amicis
987 563 1053 627 id
1110 562 1281 646 quod
1336 564 1418 627 ad
1470 563 1671 627 vitam
1717 563 1993 628 feliciter
2037 564 2393 649 degendam

363 671 687 755 pertineat
733 669 1115 753 persuadere
1163 670 1388 753 possit.
1448 670 1758 735 Videmus
1793 669 2003 753 repeti
2041 674 2105 734 et
2141 670 2394 755 variari,

363 799 529 861 quae
575 777 705 840 iam
752 775 1051 842 similiter
1096 777 1165 841 in
1207 777 1353 841 aliis
1388 776 1577 842 libris
1615 776 1913 861 exposita
1950 780 2148 841 erant.
2220 775 2392 840 Nam

362 887 540 946 totos
577 880 1085 945 adversariorum
1119 880 1325 946 libros
1365 881 1716 946 excutienti
1754 882 1976 945 eadem
2012 887 2392 966 argumenta

364 1011 402 1052 a
467 987 732 1051 diversis
797 987 1225 1071 scriptoribus
1290 987 1547 1070 prolata
1606 992 1963 1052 occurrunt.
2062 985 2392 1052 Nonnulla

366 1099 584 1159 tamen
628 1115 795 1157 nova
841 1093 1098 1158 disserit
1144 1094 1321 1159 velut
1370 1116 1519 1179 pag.
1556 1092 1842 1178 LXXHI,
1889 1094 2004 1158 ubi
2051 1092 2221 1157 idem
2258 1092 2390 1156 fere

364 1200 669 1285 legimus,
736 1200 908 1282 quod
962 1199 1197 1264 Sextus
1251 1199 1622 1283 Empiricus
1685 1200 1897 1283 primo
1962 1200 2104 1264 loco
2170 1203 2393 1263 contra

366 1306 657 1371 rhetores
705 1305 1011 1389 disputat.
1092 1305 1371 1371 Videtur
1415 1311 1631 1371 autem
1677 1306 1958 1370 maxima
2003 1328 2155 1389 pars
2201 1305 2393 1369 huius

365 1412 521 1477 libri
567 1416 790 1476 contra
835 1410 1207 1475 Aristonem
1251 1411 1541 1477 Stoicum
1588 1412 1951 1494 conscripta
1998 1433 2163 1495 esse,
2211 1410 2393 1474 cuius

367 1518 610 1583 mentio
674 1519 751 1581 fit
813 1518 1175 1602 fragmento
1231 1516 1355 1581 XII
1410 1522 1474 1581 et
1529 1521 1752 1581 contra
1807 1538 1998 1600 quem
2054 1538 2257 1599 usque
2315 1516 2395 1579 ad

367 1647 515 1711 pag.
565 1622 772 1688 LXXI
832 1623 1031 1687 verba
1094 1622 1265 1686 facit.
1359 1621 1484 1687 Sed
1547 1621 1804 1707 singula
1867 1620 2168 1705 persequi
2222 1621 2393 1703 nolo,

371 1731 522 1815 quia
567 1734 789 1795 textus
833 1728 1026 1793 nimis
1073 1729 1452 1813 plerumque
1499 1726 1736 1792 dubius
1783 1732 1849 1792 et
1895 1730 2237 1810 corruptus
2276 1730 2393 1809 est,

368 1841 442 1902 ut
507 1837 764 1920 saepius
828 1835 1183 1900 discernere
1245 1858 1379 1900 non
1437 1833 1710 1918 possim,
1776 1838 1993 1898 utrum
2065 1853 2246 1897 suam
2310 1854 2393 1895 an

368 1942 644 2008 alienam
691 1942 1077 2009 sententiam
1124 1942 1403 2027 scriptor
1438 1942 1681 2026 afferat,
1729 1940 2003 2026 denique
2040 1943 2113 2004 ut
2152 1938 2228 2004 de
2266 1961 2394 2024 qua

368 2073 436 2116 re
482 2055 714 2137 agatur
759 2051 1082 2116 interdum
1128 2050 1399 2116 dubium
1444 2049 1546 2115 sit.

501 2212 834 2298 Bonnae,
882 2211 1176 2278 Calendis
1223 2212 1413 2277 Maiis
1459 2206 2118 2275 MDCGCLXXXXII.
