2650 3903
200 3694 239 3721 f

1018 209 1535 263 —Xvn—

254 357 822 437 ovokavsuoewffi3
872 355 960 421 δι’
1008 357 1043 422 ὃ
1093 360 1176 443 δὴ
1224 360 1539 444 ἄρχονται
1585 368 1847 445 μακρῶς
1892 359 1933 443 ἢ
1970 361 2134 445 πρὸς
2173 362 2293 425 τὸν

254 468 750 551 Δημοκρίτειον
795 464 1250 549 Ναυσιφάνην
1298 464 1755 550 διαμάχονται,
1806 467 1970 550 πρὸς
2018 461 2092 532 δὲ
2137 467 2295 530 τού-

254 598 394 649 τοις
440 572 617 656 μάλα
661 580 904 647 πιστῶς
951 572 1563 657 μειρακισκεύονται
1600 574 1719 636 τόν
1754 568 1827 634 θ’
1873 570 2096 637 αὑτῶν
2125 567 2294 637 Ἰδο-

255 675 459 763 μενέα
506 676 813 760 μαθητὴν
857 676 1381 763 παρεισάγουσιν
1427 674 1500 741 ἐν
1544 686 1684 753 τοῖς
1726 676 2001 760 χαύνοις
2018 673 2068 763 ¹)
2117 677 2291 742 οὕτω

255 787 785 870 περιγινόμενον.
857 820 932 829 -
1001 781 1252 848 Ultima
1313 783 1512 846 verba
1586 781 1677 846 sic
1741 780 1902 847 mihi
1965 781 2295 849 Usenerus

255 889 723 974 interpretatus
770 893 884 953 est.
974 887 1090 955 Nil
1137 888 1392 973 mirum,
1438 888 1492 952 si
1540 888 1661 952 iste
1708 888 1878 953 inter
1922 891 2137 955 fatuos
2182 890 2295 954 ho-

252 996 462 1061 mines
509 996 601 1060 sic
648 995 866 1079 potuit
905 995 1231 1059 excellere.
1297 994 1424 1059 Hic
1459 994 1639 1059 locus
1675 999 1899 1060 contra
1935 994 2291 1078 Epicurum

253 1101 663 1185 conscriptus
711 1107 826 1186 est,
873 1102 949 1165 de
988 1123 1116 1185 quo
1155 1123 1283 1166 uno
1324 1102 1522 1166 verba
1558 1105 1676 1167 τόν
1712 1099 1784 1166 θ’
1820 1102 2041 1167 αὐτῶν
2078 1108 2295 1186 μαθη-

253 1209 379 1291 τὴν
444 1206 739 1292 intellegi
806 1212 1099 1291 possunt.
1205 1207 1621 1272 Idomeneum
1685 1211 1904 1271 autem
1966 1206 2293 1290 Epicurus

251 1313 700 1397 disputantem
747 1312 1088 1377 induxerat
1135 1312 1204 1377 in
1242 1311 1633 1400 Convivio²)‚
1680 1311 1735 1377 si
1783 1313 2042 1397 quidem
2076 1314 2294 1379 locum

252 1420 491 1484 notitia
539 1418 990 1506 dignissimum
1036 1422 1208 1484 recte
1245 1418 1504 1484 restitui
1542 1443 1604 1504 p.
1640 1421 1786 1503 102,
1822 1422 1907 1485 22
1928 1442 2066 1503 sqq.
2115 1417 2296 1483 Ἐπί-

254 1550 500 1612 κουρος
544 1529 776 1593 τοίνυν
824 1525 1097 1592 ἐκείνων
1144 1524 1369 1611 ἀμέλει
1416 1536 1529 1611 τῆς
1576 1527 1928 1613 ῥητορικῆς
1974 1527 2133 1609 μίαν
2177 1526 2294 1592 δύ-

255 1655 463 1718 ναμιν
518 1630 1105 1717 ἐπαγγελλομένων
1151 1635 1273 1718 τὴν
1322 1634 1716 1718 σοφιστικὴν
1762 1629 1874 1697 καὶ
1918 1633 2041 1715 τὴν
2086 1652 2296 1715 πανη-

255 1740 541 1825 γυρικὴν
597 1738 706 1806 καὶ
761 1741 884 1823 τὴν
939 1740 1321 1823 πολειτικὴν
1377 1751 1558 1805 ποιεῖ
1596 1742 1714 1805 τὸν
1752 1734 2088 1822 Ἰδομενέα
2134 1739 2297 1822 μετὰ

257 1847 332 1910 τὸ
371 1846 900 1932 ,,παρρησιάσθω
938 1847 1099 1929 μετὰ
1140 1856 1274 1911 τῶν
1303 1843 1857 1931 ἐγνιὶῡρισμένωνα
1898 1845 2294 1929 αἰτούμενον

259 1954 690 2035 συγγνώμην,
726 1954 796 2014 εἰ·
820 1948 973 2029 νέος
1011 1953 1106 2018 ὢν
1132 1954 1567 2039 θρασύνεται,
1603 1948 1714 2018 καὶ
1745 1951 2227 2030 συνασπίζοντᾶ
2240 1948 2295 2036 3)

259 2080 410 2121 τινα
461 2060 638 2139 ζητεῖ
675 2054 920 2121 τοιαῦτ’
957 2057 1117 2121 ἄττα
1155 2056 1397 2139 λέγων·
1449 2059 1908 2139 ,,θαυμαστόν,
1954 2059 2016 2119 εἰ
2052 2059 2134 2120 σὺ
2173 2054 2296 2139 μὲν

261 2158 476 2228 οὐθὲν
525 2160 825 2246 ἐξείργου
872 2161 985 2224 διὰ
1032 2162 1152 2243 τὴν
1197 2161 1485 2243 ἡλικίαν,
1532 2161 1639 2224 ὅτε
1688 2159 1884 2235 αὐτὸς
1929 2158 2014 2223 ἂν
2055 2162 2299 2245 φήσαις

263 2278 398 2333 τῶν
436 2268 602 2332 κατὰ
641 2266 920 2331 σεαυτὸν
961 2263 1272 2331 ἁπάντων
1303 2261 1456 2341 νέος
1488 2265 1582 2330 ὢν
1609 2268 1998 2351 πρεσβυτῶν
2026 2263 2295 2351 ἀνδρῶν

261 2371 375 2439 καὶ
412 2373 706 2452 ἐνδόξων
742 2375 913 2438 πολὺ
954 2371 1028 2438 ἐν
1055 2381 1134 2457 τῇ
1164 2371 1481 2458 ῥητορικῇ
1513 2370 1792 2456 δυνάμει
1819 2369 2294 2459 ὑπερέχειν.“4)

255 2480 354 2545 De
401 2481 524 2545 hoc
569 2480 740 2563 locO,
787 2500 981 2563 quem
1027 2478 1189 2544 falso
1237 2478 1703 2561 interpretatus
1751 2482 1848 2542 est
1894 2478 2297 2542 adversarius

257 2592 323 2651 et
370 2587 537 2652 unde
566 2585 834 2670 Epicuri
875 2587 951 2650 de
991 2585 1347 2671 sophistica
1383 2584 1703 2649 rhetorica
1742 2585 2116 2668 opinionem
2154 2607 2294 2667 per-

256 2716 438 2758 verse
486 2692 736 2778 statuit,
780 2692 1199 2757 Philodemus
1246 2714 1284 2755 a
1331 2714 1393 2774 p.
1437 2693 1806 2777 103—119,
1844 2693 1926 2756 27
1967 2691 2165 2755 verba
2202 2690 2296 2753 ita

255 2800 440 2882 facit,
484 2805 558 2864 ut
605 2799 1026 2885 grammatica
1073 2803 1138 2863 et
1184 2797 1399 2884 logica
1444 2797 1979 2880 interpretatione
2028 2801 2093 2861 et
2139 2796 2296 2880 Epi-

406 3015 458 3078 1)
495 3010 742 3064 Verbum
776 3008 1057 3064 incertum
1093 3011 1195 3064 est.
1261 3008 1399 3076 Pap.
1438 3005 1613 3059 habet
1648 3006 1851 3061 ΧΑΓ..
1881 3009 1901 3076 ί]
1930 3050 1941 3062 .
1966 3011 2052 3061 ΙΣ
2076 3009 2292 3074 διατρι-

299 3103 418 3151 ικοῖ
450 3102 475 3150 ⁴?
515 3129 579 3137 —

261 3098 295 3168 β
404 3117 458 3256 2ς)
508 3185 813 3254 Epicurum
849 3185 932 3239 ibi
969 3185 1200 3239 iuvenes
1240 3183 1537 3238 audientes
1574 3181 1862 3236 induxisse
1902 3197 1968 3234 ex
2004 3177 2295 3232 Plutarchi

260 3277 479 3340 quaest.
520 3272 738 3330 conviv.
766 3273 861 3344 ΠΙ,
894 3280 943 3344 6,
977 3279 1026 3342 1,
1063 3291 1118 3342 p.
1151 3278 1254 3329 653
1293 3274 1530 3327 constat.

402 3366 457 3434 3)
492 3380 622 3434 pap.
666 3381 1064 3431 .υναπιγοντα.

402 3457 457 3520 4)
511 3452 632 3508 Ηοο
687 3449 982 3522 ὑπερέχειν
1038 3451 1378 3520 respondere
1434 3447 1525 3501 illi
1582 3443 2009 3516 περιγινόμενον
2067 3438 2128 3498 ἐν
2180 3448 2297 3502 τοῖς

268 3544 602 3619 χαγ..11.ισ
637 3544 793 3613 puto,

373 3654 708 3714 ”r11nonnuus‚
736 3660 806 3700 ed.
837 3658 1065 3698 Sudhaus,
1831 3639 1869 3690 b
