2650 3903
1104 211 1534 264 -ῙΧ-

294 360 652 447 ῥητορικὴν
689 358 998 424 videatur.
1046 357 1414 424 Inauditum
1444 364 1560 445 est,
1593 361 1764 445 quod
1793 384 1854 445 p.
1889 360 2035 446 185,
2065 363 2328 427 24—26

292 467 561 553 legitur:
625 466 927 552 καθάπερ
983 464 1110 548 ἐγὼ
1167 462 1288 550 μὲν
1344 467 1599 533 τούτων
1653 467 1866 533 πολλὰ
1910 469 2172 550 κάγαθὰ
2218 489 2329 532 πε-

292 568 516 657 ποίηκ’
581 572 779 648 αὐτὸς
844 571 954 657 (sc.
1013 571 1246 651 λέξεως
1298 571 1669 660 καχεξίαςέ).
1761 573 2046 639 Litterae
2111 578 2329 638 tamen

296 700 598 764 magnae,
653 677 986 762 pulchrae,
1044 678 1382 745 distinctae
1440 685 1617 765 sunt,
1673 680 1741 744 in
1787 679 1841 745 Ο
1898 683 2116 745 autem
2170 680 2329 745 satis

302 784 681 869 discrepant.
774 781 898 851 Sed
957 786 1253 871 graviora
1307 786 1685 852 adscribam.
1778 787 2155 871 Quicunque
2209 786 2328 851 XP

298 890 405 956 fol.
449 893 796 958 126—128
855 891 1239 977 inspexerit,
1294 915 1459 977 quae
1506 893 1766 978 quidem
1812 894 1969 958 folia
2014 893 2327 958 continui—

298 998 454 1062 tatis
509 997 791 1082 speciem
846 1000 1189 1084 praebent,
1243 1021 1376 1064 non
1422 1000 1609 1065 facile
1658 1000 1735 1064 de
1782 1000 2327 1065 contaminatione

298 1104 754 1187 suspicabitur.
855 1104 1167 1170 Attamen
1225 1106 1366 1171 folii
1432 1109 1559 1172 126
1619 1129 1771 1191 pars
1831 1107 2126 1191 superior
2187 1129 2329 1171 con·

299 1210 480 1296 gruit
526 1231 672 1274 cum
719 1231 864 1296 pag.
903 1214 944 1276 9
994 1212 1131 1276 eius
1168 1212 1532 1297 voluminiS,
1581 1214 1753 1297 quod
1789 1212 1938 1300 περὶ
1979 1215 2330 1300 ῥητορικῆς

298 1317 846 1402 ὑπομνηματικὸν
900 1316 1304 1402 inscribitur,
1365 1340 1516 1403 pars
1567 1319 1837 1384 inferior
1891 1342 2037 1385 cum
2091 1320 2329 1403 ὑπομν.

298 1445 446 1508 pag.
513 1424 581 1488 5!
655 1422 941 1508 itemque
1008 1423 1148 1488 folii
1219 1425 1343 1490 128
1409 1446 1560 1509 pars
1624 1425 1919 1511 superior
1983 1425 2333 1510 respondet

298 1530 536 1614 ὑπομν.
583 1551 729 1616 pag.
772 1533 878 1614 11,
925 1552 1079 1614 pars
1125 1530 1393 1596 inferior
1438 1533 1679 1617 ὑπομν.
1728 1554 1874 1618 pag.
1919 1533 2027 1597 1Οέ

431 1635 703 1720 Saepius
759 1636 1018 1723 accidit,
1074 1642 1148 1702 ut
1193 1638 1559 1724 fragmenta
1605 1661 1818 1703 errore
1867 1639 1970 1703 bis
2018 1638 2331 1703 describe-

295 1747 535 1807 rentur.
630 1742 935 1808 Conferas
983 1765 1221 1828 quaeso

501 1847 652 1913 VIP
698 1850 805 1914 fol.
846 1851 951 1934 38,
997 1850 1072 1914 fr.
1114 1852 1153 1914 6
1247 1855 1311 1915 et
1403 1849 1553 1915 V112
1600 1851 1709 1916 fol.
1748 1853 1853 1934 42,
1899 1851 1973 1915 fr.
2018 1852 2115 1916 12.

620 1974 799 2021 αισιν
1551 1983 1590 2024 κ
1619 2008 1633 2023 .
1665 2010 1678 2024 .
1710 2010 1722 2026 .
1757 1961 1912 2024 δυσι

626 2078 834 2124 ιτιστα
1551 2083 1736 2129 τιστα

625 2186 732 2247 eye
763 2213 775 2229 .
806 2189 848 2228 v
1550 2191 1688 2251 ειγο
1719 2216 1734 2231 .
1762 2192 1804 2231 υ

625 2287 877 2335 ονακασ
1550 2278 1757 2338 οναλα

621 2379 923 2443 παῦ”αὸσ
1543 2398 1800 2446 παστασ

619 2506 865 2570 νπαραι
1538 2507 1842 2576 ανπαρασ

620 2595 886 2657 ονεπιδε
1535 2598 1812 2661 cavam&

620 2701 943 2764 τωνειδοσ
1534 2704 1865 2774 τωνσιὸοσ

624 2822 980 2890 τουσηστιν
1535 2824 1819 2892 ουσηστο

620 2912 959 2976 ρκυδοιινει,
1531 2914 1905 2977 ’κυδαινθα

622 3039 993 3082 καιταυτειν
1531 3042 1766 3083 καιταυ
1796 3067 1810 3082 .
1841 3042 1882 3099 ²!
1986 3042 1991 3047 ·

435 3119 565 3184 Vix
627 3124 856 3188 melius
922 3145 1116 3208 quam
1177 3124 1301 3188 hoc
1368 3125 1665 3209 exemplo
1731 3123 2040 3190 illustrari
2107 3124 2334 3206 possit,

299 3250 496 3312 quam
544 3225 788 3292 incerta
827 3251 1147 3315 quamque
1187 3229 1408 3316 exigui
1446 3229 1641 3313 pretii
1678 3229 1834 3293 talia
1873 3229 2021 3311 sint,
2070 3249 2214 3291 cum
2250 3250 2331 3291 ne

297 3357 466 3399 unus
515 3334 775 3418 quidem
821 3358 1044 3400 versus
1083 3336 1275 3420 plane
1313 3340 1644 3422 congruat.
1720 3333 1845 3400 Sed
1881 3332 2086 3396 multo
2125 3332 2334 3418 magis

303 3440 710 3526 admiramur,
760 3442 932 3524 quod
979 3465 1041 3525 p.
1081 3442 1230 3524 225,
1276 3441 1392 3505 ubi
1440 3442 1515 3504 fr.
1559 3443 1591 3504 1
1644 3443 1708 3502 et
1757 3439 1798 3502 5
1846 3436 2143 3502 similiter
2190 3459 2332 3502 con-

306 3553 562 3632 gruunt,
611 3548 888 3612 alterum
925 3547 1202 3611 mediam
1242 3552 1497 3630 partem
1535 3543 1829 3629 paginae,
1875 3542 2150 3607 alterum
2188 3542 2333 3604 dex-
