2650 3903
1077 204 1493 257 —L1-

267 381 337 422 se
415 356 661 441 erigere
736 354 945 417 debet.
1052 352 1230 415 Haec
1304 351 1476 415 enim
1542 373 1689 415 vere
1755 357 1853 417 est
1916 351 2296 418 Amaltheae

269 485 495 546 cornu,
543 483 689 525 cum
736 459 1091 544 sophistica
1136 458 1250 522 vili
1297 457 1532 542 cyatho
1581 463 2003 541 comparetur.
2054 511 2065 522 .
2099 511 2154 524 ..
2203 460 2299 525 Ac

266 570 425 633 licet
480 566 812 651 sophistae
866 565 1125 648 inopiae
1178 568 1241 628 et
1290 564 1654 628 sterilitatis
1701 565 2091 630 conscientia
2136 567 2298 631 moti

270 674 554 758 plurima
592 672 1021 756 profiteantur
1057 670 1236 735 velut
1271 670 1600 756 musicam,
1638 672 2125 756 grammaticam
2163 677 2300 756 etc.,

268 779 439 844 nihil
491 779 762 862 habent,
820 778 991 862 quod
1047 777 1214 840 sicut
1260 798 1363 840 ars
1409 776 1670 859 publice
1719 777 1968 841 dicendi
2014 778 2301 843 animum

272 887 628 971 ingenuum
673 883 928 948 allicere
976 882 1184 966 possit
1230 881 1685 969 (XLIX—LI).

409 990 547 1066 Qua
601 990 669 1053 in
719 1012 787 1054 re
832 1011 965 1053 non
1011 987 1361 1052 imitandus
1408 992 1506 1052 est
1551 987 1962 1072 Aristoteles,
2020 989 2131 1072 qui
2177 991 2298 1054 sub

273 1098 470 1160 finem
523 1095 693 1160 vitae
750 1094 1235 1179 philosophiam
1292 1094 1574 1158 deseruit
1620 1099 1686 1157 et
1731 1094 2035 1177 politicae
2084 1118 2151 1160 se
2199 1095 2301 1159 ad-

275 1202 442 1265 dixit
481 1253 492 1264 .
526 1253 537 1264 .
570 1253 582 1264 .
624 1201 860 1285 quique
898 1204 1063 1264 teste
1091 1199 1377 1282 Epicuro
1414 1200 1585 1263 vitae
1624 1199 1813 1264 beate
1852 1205 1916 1264 et
1954 1201 2303 1266 salubriter

275 1307 707 1371 instituendae
754 1305 1151 1370 adversarius
1198 1304 1495 1369 infestior
1541 1305 1793 1370 exstitit
1838 1328 2030 1390 quam
2073 1308 2120 1371 ii
2156 1309 2303 1392 ipsi,

276 1413 388 1496 qui
446 1435 512 1476 se
568 1413 659 1477 rei
715 1412 1015 1496 publicae
1072 1411 1466 1499 dediderunt.
1680 1410 2035 1477 Imitandus
2081 1414 2303 1492 potius

274 1517 607 1602 Isocrates,
654 1517 765 1601 qui
811 1522 1000 1581 antea
1046 1521 1249 1582 artem
1296 1517 1546 1581 dicendi
1592 1520 1922 1602 professus
1957 1520 2051 1601 vad
2095 1520 2303 1604 philo-

277 1624 576 1707 sophiam
629 1646 1011 1710 progressus
1058 1628 1181 1707 est,
1238 1646 1432 1708 quam
1476 1625 1991 1709 tranquilliorem
2039 1631 2103 1690 et
2150 1626 2304 1690 divi-

274 1730 525 1794 niorem
587 1732 880 1805 vocabat.
1105 1729 1492 1796 Aristoteles
1548 1731 1719 1795 enim
1774 1737 2014 1795 temere
2071 1736 2137 1795 et
2190 1732 2303 1795 im—

278 1836 629 1920 prudenter
683 1837 764 1899 ad
817 1835 1152 1920 politicam
1205 1837 1562 1919 ferebatur,
1622 1860 1816 1921 quam
1870 1836 2169 1921 pluribus
2226 1838 2302 1902 de

278 1942 487 2022 causis
533 1943 837 2027 prodesse
884 1943 1163 2026 putabat
1212 1941 1416 2024 [velut
1454 1944 1626 2028 quod
1663 1943 2079 2029 philosophia
2117 1968 2197 2009 ex
2234 1967 2302 2009 re

275 2049 542 2133 publica
606 2051 770 2114 bene
834 2052 1194 2131 temperata
1248 2049 1527 2113 multum
1585 2050 1962 2114 incrementi
2018 2056 2303 2135 caperet3

277 2157 355 2220 cf.
405 2178 553 2239 pap.
594 2157 719 2219 821
771 2176 917 2239 pag.
954 2152 1664 2234 XXXVII—XXXIX}
1740 2153 1862 2218 Sed
1908 2155 2018 2218 ille
2064 2156 2304 2239 impru-

279 2262 537 2325 dentius
583 2282 776 2344 quam
822 2259 1196 2323 muliercula
1244 2260 1417 2343 quod
1457 2260 1642 2343 peius
1689 2265 1827 2324 erat
1864 2260 2079 2347 elegit,
2125 2284 2304 2345 prae-

279 2364 506 2429 sertim
569 2388 712 2430 cum
774 2364 1192 2448 philosophia
1249 2366 1445 2430 etiam
1504 2367 1638 2431 sine
1694 2367 1787 2431 rei
1843 2368 2144 2451 publicae
2201 2368 2302 2432 ad-

277 2470 603 2536 miniculis
650 2471 918 2536 creverit
967 2476 1032 2534 et
1077 2472 1302 2536 floreat
1352 2471 1840 2559 (LHI—LVH).

978 2694 1075 2747 De
1121 2693 1297 2747 libro
1343 2695 1608 2749 ultimo.

411 2821 553 2886 Hoc
598 2822 770 2887 libro
819 2824 895 2887 de
939 2824 1004 2887 vi
1050 2825 1478 2907 persuadendi
1519 2825 1750 2911 agitur.
1823 2824 1972 2909 Ipse
2012 2849 2157 2891 eum
2195 2827 2304 2891 ali-

278 2928 586 3012 quamdiu
641 2929 906 2994 tertium
962 2952 1098 2994 esse
1153 2931 1495 3013 putabam,
1552 2932 1724 3015 quod
1777 2937 1990 2996 tamen
2051 2933 2304 2997 demon-

276 3034 470 3098 strari
506 3034 685 3098 nullo
725 3039 916 3118 pacto
955 3040 1189 3119 potest.
1253 3034 1347 3101 Ut
1387 3036 1552 3100 solet
1580 3041 1796 3101 autem
1823 3037 2303 3124 Philodemus1)
2360 3079 2367 3086 -

274 3140 666 3205 rhetoricam
713 3162 858 3204 cum
903 3141 1321 3225 philosophia
1368 3148 1716 3226 comparat.

412 3245 596 3310 Illius
623 3247 773 3331 vim,
812 3270 974 3331 quae
1002 3249 1072 3312 in
1099 3249 1523 3315 conventibus
1552 3249 1833 3332 publicis
1862 3254 2175 3334 cernatur,
2213 3250 2302 3312 in-

277 3357 521 3416 certam
576 3375 714 3417 esse
772 3358 837 3417 et
893 3354 1156 3419 dubiam
1210 3355 1313 3419 vel
1361 3354 1661 3439 exiguam
1707 3354 2085 3439 utilitatem,
2139 3354 2304 3419 hanc

428 3545 479 3611 1)
518 3544 586 3599 cf.
624 3545 803 3614 praef.
843 3562 970 3615 pag.
1001 3545 1137 3602 XLI.

421 3659 444 3668 -
1801 3633 1880 3686 d*
