2650 3903
1002 210 1084 219 --
1178 181 1417 235 XXXIII
1510 211 1592 218 —

278 333 532 399 toribus
581 331 1134 395 demonstravisse.
1214 329 1312 395 Ac
1359 331 1644 395 sentiens
1691 331 2111 397 Philodemus
2158 333 2318 398 Her-

278 439 523 504 marchi
579 437 953 503 testimonio
1006 437 1174 500 nihil
1229 438 1363 502 fere
1411 438 1578 502 effici
1627 438 1830 504 addit:
1885 439 2317 525 παρεθέμεθα

280 544 355 612 δὲ
399 544 509 611 καὶ
553 546 670 621 τὰς
715 542 822 609 ἐπὶ
866 553 1027 609 πᾶσι
1073 542 1300 627 λέξεις,
1349 550 1415 609 εἴ
1449 568 1540 633 τῳ
1582 547 1929 627 γενήσεται
1966 548 2169 630 φίλον
2206 546 2315 612 καὶ

277 654 519 728 ταύτας
573 653 780 737 ἔχειν,
843 650 967 715 οὐκ
1023 649 1453 734 ἀγνοοῦντες,
1514 649 1615 715 ὅτι
1669 654 1827 736 περί
1874 674 2056 728 τινος
2109 654 2317 718 ἄλλου

278 757 554 836 δόξουσι
590 755 699 822 καὶ
739 754 888 843 οὐχὶ
924 754 1076 841 περὶ
1113 765 1235 820 τοῦ
1271 755 1713 842 προκειμένου
1749 758 2317 844 καταγεγράφθαιέ

279 866 384 949 85,
426 865 705 929 19-27.
779 862 1036 927 Tertius
1083 862 1329 928 accedit
1365 862 1790 948 MetrodoruS,
1839 863 1949 947 qui
1988 864 2200 947 primo
2242 866 2317 930 de

280 969 599 1056 poematis
652 969 824 1033 libro
883 967 1306 1051 sophisticam
1363 973 1567 1033 artem
1625 991 1762 1033 esse
1811 970 2130 1035 disseruit.
2225 971 2318 1037 Cf.

280 1080 387 1162 86,
424 1077 665 1158 4—89,
706 1076 810 1160 29,
860 1096 1051 1159 quem
1097 1074 1311 1139 locum
1360 1075 1543 1140 doleo
1594 1076 1767 1159 quod
1811 1098 1943 1140 non
1989 1077 2318 1163 integrum

289 1183 440 1246 dare
489 1180 692 1264 potui.

412 1286 677 1352 Auditis
722 1285 1049 1371 magistris
1096 1286 1396 1371 aequales
1443 1287 1788 1351 adversarii
1826 1289 2319 1372 perlustrantur,

277 1394 703 1477 audimusque
750 1393 991 1477 Rhodi,
1048 1393 1320 1476 Romae,
1379 1391 1520 1477 Coi,
1566 1391 1845 1458 Athenis
1892 1395 2318 1479 disputantes,

284 1505 622 1584 certantes,
670 1505 1068 1585 quaerentes,
1118 1499 1272 1583 quid
1307 1499 1632 1583 Epicurus
1671 1499 1747 1563 de
1786 1501 2142 1584 sophistica
2179 1503 2319 1566 rhe-

282 1606 486 1671 torica
550 1606 878 1689 statuerit,
943 1606 1059 1671 ubi
1125 1606 1454 1690 statuerit,
1520 1607 2057 1689 quemadmodum
2121 1609 2319 1672 verba

285 1713 421 1777 eius
484 1712 971 1796 interpretanda
1038 1712 1185 1777 sint.
1286 1711 1606 1798 Tempora
1671 1717 2007 1777 mutantur
2066 1718 2130 1777 et
2188 1736 2321 1777 non

285 1823 633 1883 mutantur.
724 1817 864 1883 Nec
919 1818 1090 1882 enim
1147 1817 1388 1882 maiore
1442 1817 1759 1882 industria
1804 1818 1906 1881 vel
1954 1818 2319 1883 subtilitate

282 1926 490 1990 nostri
546 1926 935 2010 interpretes
991 1929 1288 1990 utuntur:
1358 1946 1747 2010 quamquam
1803 1925 2200 1991 conviciandi
2247 1926 2319 1990 li*-

287 2034 539 2097 bertate
584 2055 703 2097 nos
751 2033 833 2097 ab
882 2031 1013 2096 illis
1061 2031 1354 2115 superari
1399 2031 1587 2095 facile
1636 2031 1976 2115 patiemur.

417 2139 709 2203 Primum
774 2143 992 2202 autem
1055 2138 1132 2200 de
1198 2137 1521 2201 rhetorica
1585 2141 1903 2200 certantes
1957 2137 2196 2202 Rhodii
2255 2144 2318 2201 et

284 2245 560 2310 Romani
598 2244 991 2309 inducuntur
1027 2241 1163 2330 (89,
1196 2245 1274 2308 11
1301 2239 1489 2327 sqq),
1537 2262 1810 2325 quorum
1847 2242 1962 2325 illi,
2006 2242 2074 2307 ni
2113 2243 2321 2327 faHor,

282 2356 493 2416 artem
557 2351 804 2434 dicunt,
868 2350 937 2413 hi
1001 2353 1260 2435 negant.
1374 2347 1466 2412 Cf.
1534 2347 2038 2432 disputationem
2105 2350 2320 2415 Rhodi

284 2458 579 2522 habitam
634 2459 747 2542 90,
799 2458 987 2522 1—6.
1079 2455 1328 2520 Deinde
1391 2454 1659 2539 ironice,
1725 2455 1982 2540 opinor,
2049 2456 2321 2520 duorum

288 2563 565 2629 Coorum
610 2563 854 2628 mentio
899 2563 994 2647 fit,
1042 2584 1315 2646 quorum
1354 2562 1518 2626 alter
1554 2561 1631 2624 de
1668 2565 1891 2625 nostra
1928 2562 2321 2644 quaestione,

284 2673 455 2735 sitne
522 2694 625 2736 ars
690 2669 1046 2753 sophistica
1109 2669 1457 2753 rhetorica,
1523 2668 1591 2731 in
1648 2666 1956 2731 Convivio
2012 2671 2079 2730 et
2132 2667 2321 2730 libris

282 2776 435 2860 περὶ
468 2781 639 2861 βίων
676 2776 946 2860 Epicuri
963 2775 1010 2863 ¹)
1052 2775 1284 2840 stolide
1323 2798 1396 2839 ac
1435 2776 1677 2838 frustra
1715 2772 2121 2857 quaesiverit,
2158 2772 2322 2838 alter

285 2884 428 2968 ipse
477 2883 737 2967 quidem
773 2883 1037 2966 nesciat,
1084 2882 1198 2945 ubi
1238 2883 1362 2945 hoc
1399 2880 1801 2965 diiudicetur,
1847 2879 2121 2946 scientes
2160 2880 2321 2943 sciat

284 2988 564 3054 Athenis
618 2990 847 3053 vivere.
944 2987 1201 3052 Tertius
1259 2986 1520 3070 quidam
1574 2983 1851 3050 Athenis
1906 2990 2201 3049 mortuus
2257 2988 2322 3046 et

285 3096 555 3161 eandem
610 3096 743 3159 fere
796 3116 989 3178 quam
1033 3092 1452 3158 Philodemus
1499 3091 1885 3157 sententiam
1932 3095 2190 3154 secutus
2238 3089 2319 3150 ab

287 3202 414 3266 alio
453 3202 894 3287 impugnatur,
941 3201 1053 3285 qui
1089 3200 1335 3265 nullam
1374 3198 1634 3263 omnino
1672 3196 2029 3261 rhetoricae
2069 3198 2322 3277 partem

285 3313 494 3371 artem
542 3330 679 3373 esse
723 3312 929 3391 putat.
1004 3306 1283 3383 Quartus
1322 3330 1384 3389 p.
1416 3308 1520 3389 92,
1549 3302 1831 3386 33-95,
1865 3302 1941 3365 17
1984 3300 2322 3380 refutatur,

436 3538 493 3604 1)
527 3534 648 3590 Hoc
684 3535 925 3590 fortasse
964 3539 1051 3603 90,
1088 3538 1298 3589 27-29
1339 3532 1502 3586 latet.

397 3635 716 3675 Pmnonmms
726 3663 738 3687 ‚
768 3635 837 3675 ed.
867 3634 1090 3675 Sudhaus.
1866 3633 1896 3667 0
