2650 3903
1095 240 1183 248 --
1274 212 1458 266 xv111
1558 241 1632 248 —

351 360 488 424 curi
527 359 913 424 sententiam
951 359 1164 423 eliciat
1204 366 1269 424 et
1310 382 1492 426 suam
1530 385 1675 427 cum
1703 361 1989 447 Epicuro
2031 386 2381 452 congruere

348 466 600 549 probet.
655 465 903 531 Eodem
931 465 1235 550 pertinet,
1264 468 1438 552 quod
1464 468 1974 555 Philodemusp.
2007 473 2109 556 97,
2143 474 2221 536 17
2242 495 2378 556 sqq.

348 571 639 655 disputat
685 593 816 636 non
864 594 943 635 ex
984 571 1290 638 Convivio
1339 574 1442 638 vel
1490 597 1568 639 ex
1605 574 1794 641 libris
1830 580 1982 663 περὶ
2018 582 2187 664 βίων
2224 578 2380 662 Epi-

347 678 481 743 curi
541 678 616 741 de
672 678 992 743 rhetorica
1048 679 1437 745 sententiam
1490 680 1711 764 quaeri
1759 687 2084 768 oportere,
2140 685 2251 750 sed
2298 707 2377 749 ex

344 785 488 867 ipso
538 783 614 847 de
661 781 981 849 rhetorica
1025 785 1212 850 libr0.
1286 785 1513 870 Itaque
1561 806 1764 870 paene
1812 792 2058 853 certum
2098 797 2195 855 est
2231 792 2380 856 Phi-

345 890 670 955 lodemum
724 890 1041 974 respicere
1095 891 1280 977 haec,
1348 913 1509 976 quae
1566 891 1782 957 Stoico
1837 893 2053 958 nescio
2112 896 2214 959 cui
2270 898 2379 961 tri-

346 998 690 1062 bueramus
755 1000 1145 1083 fragmenta:
1210 1020 1416 1081 paene
1482 1002 1727 1063 certum
1784 1004 1882 1064 est
1936 1000 2107 1064 hunc
2162 1001 2378 1084 ipsum

343 1103 641 1168 libellum
696 1125 774 1167 ex
826 1104 1205 1188 philosophi
1251 1105 1460 1169 nostri
1508 1104 1907 1170 bibliotheca
1955 1128 2117 1192 esse,
2174 1129 2376 1192 eoque

345 1209 500 1273 olim
547 1209 800 1275 illatum
843 1232 998 1295 esse,
1045 1215 1119 1275 ut
1155 1212 1561 1277 refutaretur.
1638 1211 1924 1297 Cumque
1961 1214 2082 1277 hac
2120 1236 2376 1298 quoque

341 1316 446 1379 via
501 1316 569 1380 in
614 1316 976 1381 Philodemi
1033 1316 1500 1383 bibliothecam
1546 1318 1761 1383 reduci
1808 1320 2193 1404 videremur,
2249 1320 2378 1383 iam

340 1445 472 1488 non
547 1423 926 1489 temerarius
991 1424 1151 1487 mihi
1216 1425 1508 1509 videbar,
1585 1425 1757 1509 quod
1821 1445 2236 1508 quaecunque
2300 1426 2377 1488 de

341 1531 662 1595 rhetorica
725 1530 794 1594 in
849 1530 1232 1615 fragmentis
1289 1535 1541 1594 servata
1597 1534 1748 1594 sunt
1812 1531 1927 1616 (=
1984 1529 2171 1595 Herc.
2226 1531 2376 1595 voll.

339 1633 715 1723 VI2—X12),
763 1636 1140 1720 priusquam
1189 1635 1584 1700 contrarium
1632 1637 2179 1719 comprobaretur,
2224 1637 2371 1701 Phi-

341 1743 593 1809 lodemo
641 1742 1064 1808 vindicabam.

664 2020 762 2074 De
809 2017 1192 2075 Philodami
1240 2033 1445 2088 opere
1491 2022 1643 2092 περὶ
1691 2017 2065 2093 ῥητορικῆς.

470 2167 817 2235 Volumina
871 2169 1028 2235 haec
1084 2169 1163 2234 ad
1212 2168 1443 2235 Gaium
1494 2170 1813 2254 quendam
1860 2193 2134 2255 puerum
2179 2170 2377 2236 missa

338 2279 514 2360 sunt,
571 2276 647 2339 cf.
696 2299 757 2359 p.
798 2278 956 2360 223,
1004 2278 1061 2342 5.
1156 2275 1327 2354 Quot
1381 2277 1535 2341 libri
1591 2278 1859 2362 fuerint,
1913 2300 2046 2342 non
2101 2282 2372 2342 constat.

335 2381 625 2447 Fuerunt
698 2386 915 2445 autem
993 2382 1137 2466 ipso
1212 2386 1495 2446 testante
1570 2387 1829 2446 auctore
1894 2382 2115 2464 plures
2179 2405 2372 2464 quam

337 2488 638 2572 quinque.
714 2484 805 2551 Cf.
856 2509 917 2570 p.
958 2489 1107 2569 224,
1151 2487 1218 2551 5:
1272 2523 1347 2533 —
1401 2485 1475 2551 ἐν
1520 2496 1658 2562 τοῖς
1702 2486 1986 2572 ὕστερον
2033 2504 2370 2569 γραφησο-

337 2593 563 2678 μένοις
617 2598 841 2677 λόγοις
896 2592 1483 2679 ἀποθεωρήσομεν.
1583 2591 1808 2675 Itaque
1866 2612 2012 2655 cum
2067 2595 2369 2675 quartum

333 2700 577 2765 librum
629 2699 872 2783 finiret,
927 2697 1148 2783 plures
1196 2698 1552 2763 etiamtunc
1596 2697 1800 2763 libros
1848 2696 2252 2763 conscribere
2299 2699 2368 2763 in

335 2806 550 2871 animo
614 2807 923 2873 habebat.
1026 2804 1190 2871 Mihi
1258 2808 1476 2869 autem
1540 2803 1919 2869 varietatem
1982 2804 2084 2869 vel
2150 2826 2370 2870 eorum

334 2912 733 2997 respicienti,
790 2933 952 2996 quae
999 2911 1069 2976 in
1113 2911 1502 2997 fragmentis
1548 2915 1934 2993 tractantur,
1981 2910 2083 2975 vel
2131 2933 2370 2997 eorum,

335 3040 498 3102 quae
565 3018 807 3103 passim
875 3041 943 3083 se
1008 3022 1435 3083 tractaturum
1495 3022 1719 3082 auctor
1774 3016 2144 3101 pollicetur,
2209 3038 2371 3101 quae

334 3125 608 3212 denique
648 3124 969 3190 continuis
1010 3124 1279 3209 papyris
1317 3124 1556 3189 tradita
1585 3129 1753 3207 sunt,
1790 3124 2121 3207 aliquanto
2152 3124 2371 3208 plures

331 3233 531 3299 fuisse
587 3232 721 3298 veri
769 3230 977 3297 simile
1024 3231 1234 3296 visum
1284 3236 1398 3296 est.
1492 3230 1822 3314 Quamque
1871 3230 2160 3314 amplum
2207 3250 2373 3312 opus

333 3338 597 3404 molitus
645 3339 749 3425 sit,
794 3338 896 3403 vel
943 3337 1090 3402 inde
1137 3337 1291 3402 licet
1342 3336 1648 3421 conicere,
1695 3337 1868 3420 quod
1907 3336 2148 3400 librum
2189 3356 2371 3419 quar-

331 3449 472 3509 tum
520 3444 589 3508 in
636 3445 792 3510 duas
840 3450 1058 3529 partes
1106 3444 1389 3510 diremit.
1451 3443 1706 3517 ,Libros
1752 3447 1967 3508 autem
2016 3441 2372 3525 continUOS,

333 3551 387 3614 si
444 3572 768 3636 papyrum
820 3554 992 3618 1004
1050 3551 1186 3616 sine
1242 3551 1437 3617 titulo
1490 3550 1794 3617 traditam
1839 3548 2221 3614 Philodemo
2269 3547 2370 3612 de-
