2650 3903
1025 208 1563 261 „XXXI-.-

277 357 558 442 pertinet
596 356 704 422 fol.
738 359 841 440 91,
871 358 974 440 92,
1001 354 1200 441 VHP,
1232 359 1378 441 137,
1416 356 1551 441 IX2,
1579 359 1684 444 41,
1714 358 1818 443 55,
1848 360 1951 441 56,
1979 357 2083 443 X2,
2114 358 2306 448 64(?)

273 464 402 549 XF,
460 466 606 529 108.

402 569 699 635 Secunda
728 568 947 651 thesiS,
978 590 1140 652 quae
1169 570 1238 634 in
1266 592 1516 655 papyro
1552 572 1724 635 1674
1750 570 1913 635 latet
1942 569 2048 659 (cf.
2076 572 2150 636 fr.
2177 570 2307 659 10),

271 678 424 742 talis
472 677 605 740 fere
652 675 850 740 fuisse
897 675 1176 740 videtur:
1230 675 1477 760 „Nocet
1524 698 1714 759 saepe
1761 676 2083 742 rhetorica
2129 700 2308 761 prae·

277 785 464 868 cipue
493 805 531 846 a
559 782 980 866 sycophantis
1009 783 1340 847 tractata.“
1383 781 1838 866 Respondetur
1877 806 1939 866 p.
1975 787 2073 869 19,
2114 806 2307 868 quam

277 891 433 957 satis
472 888 639 954 male
678 888 1029 972 emendavi,
1067 889 1134 952 in
1171 889 1338 953 hanc
1376 890 1791 955 sententiam:
1837 890 2008 954 idem
2044 891 2112 953 in
2150 891 2308 955 alias

272 1017 530 1081 quoque
570 1000 741 1060 artes
779 996 1020 1080 cadere,
1059 1016 1204 1060 cum
1241 996 1575 1060 architecti
1615 996 1861 1060 incuria
1899 997 2125 1061 domus
2165 1019 2308 1062 con-

273 1104 464 1187 cidat,
500 1102 603 1167 vel
640 1123 869 1166 navem
898 1101 1128 1186 perdat
1156 1101 1363 1166 malus
1393 1102 1813 1187 gubernator,
1849 1102 1951 1167 vel
1979 1104 2307 1168 hominem

277 1209 523 1274 occidat
570 1208 872 1273 medicus.
925 1246 1001 1255 —-

407 1315 544 1380 Iam
581 1314 788 1398 facile,
826 1335 988 1397 quae
1026 1318 1386 1396 sequuntur
1413 1313 1921 1378 adversariorum
1951 1315 2310 1379 sententiae

274 1422 624 1487 internosci
673 1424 973 1505 possunt,
1027 1419 1331 1505 quoniam
1379 1420 1515 1484 sine
1562 1420 1897 1504 particulis
1945 1443 2063 1505 per
2110 1420 2310 1486 ἀσύν-

280 1529 473 1593 δετον
520 1531 989 1611 proponuntur.
1079 1524 1156 1591 In
1202 1548 1329 1611 quo
1378 1550 1440 1610 p.
1480 1530 1594 1612 42,
1642 1529 1683 1593 5
1726 1550 1808 1593 ne
1855 1527 2126 1592 verbum
2175 1526 2309 1610 qui-

277 1634 422 1699 dem
466 1634 814 1718 participio
863 1633 1158 1699 subiecit.

407 1739 693 1826 Tertia¹)
756 1739 960 1825 igitur
1026 1738 1358 1818 ἀπόδειξις
1421 1763 1484 1823 p.
1546 1741 1655 1822 19,
1727 1743 1985 1806 12-18
2051 1739 2309 1824 legitur,

274 1852 434 1932 puto
491 1868 696 1931 usque
753 1847 832 1910 ad
886 1846 1158 1910 verbum
1216 1849 1648 1924 διαλεκτικόςε
1713 1847 1894 1911 locus
1941 1846 2112 1911 enim
2160 1847 2311 1911 sub-

275 1956 589 2020 obscurus
646 1958 759 2018 est.
854 1951 1014 2019 Cum
1068 1955 1189 2018 hac
1236 1954 1782 2019 demonstratione
1832 1955 2117 2019 eiusdem
2164 1976 2304 2017 auc-

273 2061 436 2126 toris
483 2061 803 2126 sententia
850 2061 955 2144 20,
994 2062 1230 2144 9—21,
1273 2062 1357 2124 14
1406 2060 1852 2144 coniungenda
1899 2066 2012 2124 est.

410 2166 650 2244 Quarta
697 2165 1018 2231 sententia
1056 2196 1140 2217 =
1180 2166 1284 2245 23,
1321 2165 1562 2245 4—24,
1609 2167 1718 2246 11,
1766 2164 2004 2246 quibus
2052 2163 2311 2246 quidem

274 2273 493 2338 verbis
537 2272 954 2337 Philodemus
1002 2272 1116 2353 24,
1156 2271 1419 2336 26-33
1466 2268 1764 2352 inseruit,
1810 2269 1878 2333 ni
1926 2269 2131 2334 fallor.

414 2378 650 2456 Quinta
697 2378 1019 2444 sententia
1060 2409 1142 2430 =
1183 2377 1296 2461 25,
1337 2376 1618 2442 32—35.

410 2484 608 2550 Sexta
672 2485 993 2552 sententia
1044 2515 1128 2537 =
1168 2485 1282 2568 26,
1335 2485 1623 2549 19-25:
1687 2493 1813 2561 πᾶς
1876 2486 2172 2569 τεχνίτης
2229 2520 2311 2527 —

276 2594 475 2676 ἔργον
524 2593 774 2672 [rhetor
815 2595 1034 2654 tamen
1072 2594 1407 2654 accusatus
1443 2611 1576 2653 non
1612 2588 1752 2672 ipse
1792 2611 1858 2653 se
1899 2588 2163 2673 expedit
2201 2588 2313 2651 sed

275 2699 358 2762 ad
409 2703 758 2782 patronum
805 2719 871 2761 se
919 2697 1216 2777 confert]⁸
1309 2694 1491 2759 Talia
1537 2695 1709 2758 enim
1756 2694 2082 2759 exstitisse
2130 2695 2313 2776 puto,

275 2804 518 2890 quibus
557 2804 865 2869 concinne
904 2802 1358 2887 respondetur:
1397 2802 1615 2884 itaque
1657 2801 1853 2865 etiam
1891 2801 1966 2864 de
1996 2798 2314 2864 medicina

275 2912 750 2996 desperandum
814 2914 939 2994 est,
1004 2909 1057 2973 si
1124 2908 1408 2972 medicus
1468 2906 1697 2970 morbo
1758 2905 2130 2989 implicatus
2184 2927 2314 2968 non

274 3018 419 3101 ipse
468 3016 597 3082 sibi
646 3016 978 3080 medeatur
1023 3013 1136 3079 sed
1182 3013 1466 3097 peritum
1515 3011 1820 3074 adhibeat
1867 3011 2197 3095 collegam.

412 3123 707 3207 Septima
753 3120 1075 3186 sententia
1116 3151 1199 3173 =
1239 3120 1345 3203 27,
1384 3119 1619 3183 6-15.

411 3230 632 3294 Prima
646 3227 703 3315 2)
777 3228 1078 3309 deinceps
1152 3224 1647 3307 demonstratio,
1732 3246 1857 3306 qua
1929 3218 2316 3284 rhetoricam

427 3479 481 3544 1)
520 3474 599 3530 cf.
636 3493 690 3544 p.
723 3482 773 3543 6,
802 3478 888 3527 25.

424 3566 481 3633 2)
518 3563 909 3618 Anaximenea
945 3560 1057 3629 est,
1097 3556 1166 3612 cf.
1203 3556 1307 3610 HV
1345 3554 1465 3624 IV¹,
1506 3554 1601 3610 fol.
1635 3562 1683 3609 2.
