2650 3903
1081 225 1167 233 -—
1258 197 1390 251 XIII
1481 225 1567 233 -—

438 351 537 415 De
595 370 849 433 papyro
903 347 1074 412 1004
1122 378 1206 399 =
1253 345 1373 410 ΠΡ
1430 346 1538 411 fol.
1582 348 1946 411 110—209
2002 347 2126 411 hoc
2180 345 2344 413 Nea-

306 455 588 542 politani
625 454 695 520 in
728 454 937 519 indice
966 451 1366 517 adscribunt:
1402 452 1632 536 „huius
1659 451 2003 519 voluminis
2031 454 2345 540 pagellae,

305 565 377 627 in
415 561 656 646 quibus
685 558 851 624 nihil
880 560 1011 623 fere
1041 557 1299 644 legitur,
1338 558 1670 644 neglectae
1700 560 1981 646 fuerunt,
2018 559 2095 624 de
2126 582 2345 625 earum

302 690 579 734 numero
637 671 893 732 tantum
938 665 1187 730 ratione
1234 664 1515 730 habissa‘fi
1606 665 1695 730 Et
1739 688 1891 731 vero
1938 666 2206 732 miserae
2253 667 2345 731 la-

310 775 516 840 ciniae
563 778 732 858 sunt,
778 794 940 857 quae
988 777 1246 838 centum
1285 771 1461 837 foliis
1498 778 1970 857 proponuntur,
2015 795 2162 839 eum
2200 778 2346 838 octo

310 880 608 966 paginae,
648 901 806 963 quas
835 878 1033 965 Angli
1074 878 1525 964 depinxerunt,
1563 880 1750 944 facile
1789 879 2041 963 possint
2070 879 2345 946 resfiitui.

345 1140 446 1194 De
492 1140 727 1194 textus
773 1136 1227 1206 voluminum,
1276 1137 1501 1209 qualis
1549 1136 1711 1192 olim
1758 1136 1972 1194 fuisse
2016 1138 2312 1206 videtur,

929 1244 1150 1299 forma
1198 1245 1268 1299 et
1313 1243 1734 1301 condicione.

449 1374 601 1443 Non
638 1375 874 1440 mirum
911 1379 1009 1440 est
1046 1376 1114 1439 in
1149 1374 1253 1440 his
1292 1375 1648 1441 combustis
1684 1376 1953 1462 papyris
1988 1377 2352 1441 litterarum

315 1481 596 1568 vestigia
630 1481 824 1547 nimis
863 1481 1060 1547 dubia
1098 1486 1162 1546 et
1199 1482 1373 1547 fluxa
1410 1505 1565 1547 esse.
1640 1483 1882 1548 Tamen
1919 1484 2029 1568 qui
2068 1481 2351 1566 primum

313 1590 475 1653 haee
511 1587 837 1653 volumina
876 1588 1203 1672 evolverit,
1248 1611 1330 1653 ne
1369 1590 1807 1674 suspicabitur
1844 1591 2120 1675 quidem,
2159 1611 2352 1673 quam

318 1697 562 1760 ineerta
608 1695 711 1760 via
758 1695 1129 1761 emendator
1174 1694 1443 1761 incedat.
1520 1697 1704 1773 Quod
1750 1697 1918 1763 eadit
1964 1696 2242 1762 maxime
2285 1697 2353 1760 in

323 1804 686 1888 fragmenta
731 1800 878 1866 voll.
914 1799 1258 1865 VI2—XI2.

454 1908 823 1993 Proponam
871 1929 921 1972 e.
961 1930 1020 1994 g.
1057 1906 1145 1973 V²
1184 1908 1291 1974 fol.
1334 1909 1445 1993 83,
1492 1910 1565 1975 fr.
1612 1912 1709 1976 12.

695 2031 763 2097 N
765 2055 900 2115 eap.
1725 2033 1929 2100 Oxon.

322 2140 1194 2225 ..ὃυ...περια.λοι..τ
1393 2177 1474 2185 -
1524 2144 1935 2204 τολε.εινκα

371 2296 382 2308 .
415 2269 483 2310 τε
513 2296 524 2309 .
556 2296 568 2309 .
598 2269 681 2310 κα
710 2295 724 2311 .
756 2261 879 2310 σου
909 2295 922 2309 .
950 2268 1082 2309 υνα
1112 2294 1123 2309 .
1156 2268 1197 2308 α
1398 2281 1472 2290 -—
1525 2250 1914 2328 γινορθωσα

328 2401 341 2415 .
377 2403 389 2415 .
420 2401 433 2414 .
464 2367 594 2433 μασ
620 2402 634 2415 .
666 2402 678 2415 .
708 2352 998 2436 υδεανση
1030 2401 1044 2417 .
1076 2401 1088 2415 .
1121 2402 1133 2416 .
1399 2389 1474 2399 —-
1524 2334 1715 2416 ‘'codc‘.
1746 2402 1761 2418 .
1792 2405 1804 2417 .
1834 2359 2093 2439 γεσθαᾷ

323 2508 336 2520 .
369 2509 380 2521 .
414 2508 426 2521 .
459 2509 470 2522 .
502 2479 721 2523 τινοιπ
750 2508 762 2522 .
792 2507 807 2523 .
838 2506 853 2522 .
884 2506 897 2522 .
927 2481 963 2523 ο
993 2506 1008 2521 .
1038 2482 1079 2522 α
1109 2508 1122 2522 .
1154 2508 1165 2521 .
1197 2507 1210 2521 .
1397 2498 1477 2506 --
1528 2482 1977 2544 νειναικοιτοιγι

328 2613 341 2626 .
372 2614 384 2627 .
417 2613 429 2627 .
463 2613 475 2627 .
506 2587 581 2627 εα
610 2614 622 2628 .
653 2580 907 2629 τωντοσ
935 2614 947 2628 .
979 2584 1112 2648 pom:
1140 2613 1154 2629 .
1397 2605 1479 2612 —
1528 2567 2034 2652 ησδιαλεκτικησ

323 2719 518 2734 .....
550 2693 618 2733 αι
648 2720 660 2734 .
689 2692 866 2736 τωνα
895 2720 908 2734 .
937 2675 1059 2733 &aa
1089 2719 1101 2733 .
1404 2709 1477 2718 —
1532 2673 1857 2738 δενειστοι
1887 2723 1901 2739 .
1931 2677 2025 2739 Mn

326 2824 553 2840 .....
592 2800 635 2839 υ
677 2828 688 2839 .
730 2826 742 2839 .
783 2799 850 2840 ιν
889 2828 901 2840 .
942 2777 1185 2841 οδευκα
1219 2826 1232 2839 .
1403 2816 1477 2824 -
1528 2801 1925 2863 υνεργουντι
1955 2831 1969 2843 .
2001 2831 2013 2844 .
2043 2798 2230 2847 εσικα

324 2930 339 2946 .
377 2932 390 2944 .
433 2904 553 2946 υνε
603 2933 615 2945 .
656 2933 669 2946 .
714 2905 795 2946 τα
841 2931 1233 2950 ........
1249 2772 1276 2969 }

328 3036 341 3050 .
374 3036 387 3050 .
420 3037 433 3049 .
465 3035 477 3049 .
508 3010 551 3050 v
582 3036 771 3052 .....
801 3006 1022 3054 τοισεν
1052 3040 1065 3054 .
1098 3040 1109 3053 .
1408 3027 1482 3037 -
1532 2998 2107 3076 υντοισομοιοισελ
2138 3043 2150 3057 .

327 3140 522 3156 .....
556 3109 621 3155 σι
649 3143 662 3156 .
691 3117 779 3157 voc
808 3145 821 3158 .
850 3102 1069 3160 καθοσ
1101 3146 1112 3159 .
1145 3118 1219 3160 νε
1408 3134 1482 3141 -
1537 3099 1782 3175 ιζεινκοι
1810 3148 1823 3162 .
1856 3104 2113 3164 αθοσον

329 3247 342 3261 .
378 3248 389 3260 .
421 3202 708 3279 ναλεγοσ
736 3249 749 3263 .
778 3223 902 3264 vav
933 3251 945 3265 .
974 3224 1048 3266 το
1403 3238 1485 3247 --
1537 3205 1888 3286 διαλεγεσσ
1915 3254 1930 3270 .
1959 3227 2199 3268 ταυτοτ

327 3355 339 3365 .
375 3355 386 3366 .
419 3353 432 3367 .
463 3307 1035 3389 αταβραχυλιτεινι
1066 3358 1078 3372 .
1110 3359 1122 3372 .
1408 3344 1482 3354 -
1536 3312 1918 3394 χταβραχυμ
1949 3359 1962 3372 .
1993 3331 2109 3373 ατο

463 3425 588 3491 Sed
608 3428 804 3494 etiam
823 3430 890 3494 in
910 3431 1186 3514 pristino
1207 3434 1395 3496 textu
1415 3431 1644 3495 menda
1664 3431 1925 3495 fuerunt
1945 3429 2152 3519 (velut
2174 3436 2276 3518 51,
2302 3441 2331 3501 1
2351 3462 2365 3520 3

331 3534 363 3595 1
375 3534 479 3617 87,
494 3536 563 3619 43
590 3536 669 3599 21
684 3537 739 3621 1,
760 3533 890 3622 18),
910 3559 1300 3623 quamquam
1319 3558 1582 3620 perrara
1602 3536 2157 3619 deprehendimus.
2195 3542 2365 3608 Nam
