2650 3903
1118 180 1427 233 —xvi
1518 208 1604 215 —

480 328 716 392 Contra
767 328 965 392 alium
1010 327 1280 411 librum,
1339 328 1519 394 cuius
1567 330 1798 395 titulus
1846 331 2218 416 deperditus
2264 343 2381 420 est,

344 459 424 499 ex
469 434 592 498 hoc
639 433 878 498 maiore
914 433 1277 498 Philodemi
1325 435 1402 499 de
1449 437 1770 502 rhetorica
1808 460 2003 523 opere
2042 446 2375 525 sumptum

344 564 481 606 esse
515 544 695 624 put0‚
733 562 881 624 pap.
918 541 1089 604 1004
1119 571 1203 593 =
1232 539 1355 605 [Π2
1382 542 1490 606 fol.
1525 545 1891 610 110—209.
1950 545 2132 621 Quod
2161 568 2377 629 quam·

343 669 536 731 quam
575 646 995 711 demonstrari
1034 669 1166 711 non
1204 652 1442 732 potest,
1481 671 1598 733 per
1635 671 1702 713 se
1741 649 1959 733 ipsum
1996 653 2130 716 veri
2169 652 2376 718 simile

344 759 460 837 est,
495 753 621 817 nisi
663 753 831 817 forte
869 752 1044 817 aliud
1080 755 1413 837 probatur.
1479 753 1641 818 Mihi
1672 753 1933 838 quidem
1963 762 2027 820 et
2057 758 2378 823 scribendi

344 864 408 923 et
463 859 954 945 argumentandi
1011 860 1176 924 ratio
1233 864 1374 924 tota
1418 860 1782 924 Philodemi
1838 883 1976 927 esse
2022 863 2379 928 videbatur.

479 966 580 1032 Ne
627 966 990 1052 fragmenta
1039 965 1298 1051 quidem
1346 972 1617 1051 excepto
1666 989 1794 1031 uno
1843 968 2058 1033 omnia
2096 968 2380 1050 recipere

345 1094 417 1136 ae
453 1072 776 1136 vindicare
804 1072 1183 1137 Philodemo
1224 1072 1533 1137 dubitavi.
1598 1071 1768 1139 Nam
1806 1095 1908 1137 me
1947 1073 2153 1138 iudice
2183 1075 2380 1139 mani-

345 1179 584 1242 festum
625 1184 722 1243 est
758 1202 877 1244 nos
916 1179 1382 1244 bibliothecam
1420 1179 1522 1244 vel
1561 1179 1781 1263 potius
1809 1179 2115 1266 reliquias
2147 1181 2380 1245 biblio-

348 1285 571 1350 thecae
608 1285 972 1350 Philodemi
1010 1286 1267 1351 habere.
1332 1285 1657 1351 Plurimae
1696 1288 1933 1371 papyri
1970 1309 2206 1352 nomen
2245 1288 2383 1352 eius

347 1413 501 1475 prae
559 1413 625 1456 se
673 1392 905 1456 ferunt.
997 1377 1205 1456 Multa
1252 1391 1356 1456 bis
1406 1397 1655 1456 servata
1702 1397 1879 1475 sunt,
1935 1393 2139 1457 multa
2185 1393 2382 1477 pluri-

347 1499 471 1563 bus
546 1499 740 1563 etiam
816 1497 1311 1582 exemplaribus.
1412 1497 1612 1563 Velut
1686 1497 1841 1562 libri
1905 1497 2195 1584 alteriue,
2270 1500 2381 1584 qui

350 1605 603 1670 duobus
670 1605 992 1670 continuis
1058 1605 1540 1689 exemplaribus
1606 1604 1880 1669 traditus
1943 1610 2066 1690 est,
2132 1611 2384 1689 septem

351 1712 480 1795 (vel
517 1708 780 1797 novem)
828 1716 1161 1794 praeterea
1208 1713 1721 1798 fragmentorum
1768 1712 2106 1776 fasciculos
2152 1712 2221 1776 in
2257 1735 2385 1775 ma-

348 1819 544 1883 nibus
591 1824 910 1903 tenemus,
966 1842 1028 1902 p.
1076 1820 1226 1902 408,
1271 1819 1432 1903 409,
1486 1819 1645 1904 425,
1696 1820 1894 1903 1079,
1946 1820 2144 1902 1086,
2195 1820 2385 1901 1117,

352 1925 539 1990 1580.
604 1923 701 1989 Ac
737 1923 889 1990 licet
928 1924 1087 1990 duae
1125 1930 1336 1990 tresve
1374 1926 1883 2012 fragmentorum
1913 1924 2109 1991 series
2138 1924 2384 2011 quippe

349 2031 539 2096 unius
601 2031 923 2114 quondam
983 2031 1272 2118 integrae
1334 2032 1571 2117 papyri
1625 2036 1844 2116 partes
1902 2032 2383 2118 coniungendae

321 2138 509 2220 msint,
582 2138 755 2222 quod
820 2139 1245 2205 demonstrari
1310 2162 1502 2225 posse
1557 2162 1754 2226 nego,
1819 2132 1964 2225 quis
2020 2144 2121 2203 tot
2178 2160 2384 2204 exem·

352 2244 558 2328 plaria
612 2245 974 2310 Philodemi
1039 2247 1108 2311 in
1172 2269 1287 2312 sua
1353 2269 1492 2311 esse
1550 2246 1948 2312 bibliotheca
2003 2267 2233 2330 passus
2300 2244 2385 2306 sit

351 2350 476 2415 nisi
523 2350 985 2416 Philodemus?

486 2456 708 2522 Unum
762 2457 837 2520 fr.
893 2457 976 2520 ab
1034 2455 1137 2520 his
1194 2456 1661 2542 seiungendum
1718 2456 1878 2539 dixi,
1945 2455 2116 2538 quod
2173 2458 2385 2517 exstat

354 2563 448 2628 IV
448 2561 474 2600 '²
512 2564 621 2628 fol.
665 2563 1008 2628 182—191
1060 2566 1126 2626 et
1172 2561 1280 2627 fol.
1322 2563 1691 2628 204—208.
1767 2560 2168 2643 Quamquam
2217 2558 2387 2622 enim

354 2670 422 2734 in
486 2670 696 2734 media
749 2668 1111 2733 Philodemi
1178 2669 1254 2733 de
1320 2668 1640 2752 poematis
1706 2666 1985 2731 diatriba
2044 2665 2386 2748 invenitur,

355 2782 572 2840 tamen
629 2776 705 2839 de
759 2774 1081 2839 rhetorica
1137 2779 1362 2859 aperte
1420 2777 1533 2836 est.
1552 2770 1601 2859 1>
1691 2772 1829 2837 Nec
1876 2769 2173 2855 dubium,
2229 2770 2386 2855 quin

230 2883 236 2890 '
353 2882 466 2946 illa
520 2881 798 2946 frustula
849 2902 982 2945 non
1038 2880 1169 2946 sint
1213 2879 1520 2963 Epicurei
1575 2877 1930 2962 cuiusdam3
1990 2875 2189 2941 Stoici
2247 2900 2386 2942 esse

357 2994 548 3075 recte,
595 2988 847 3073 opinor,
892 2987 1219 3053 Usenerus
1264 2985 1449 3070 Epic.
1488 3010 1551 3071 p.
1580 2987 1712 3052 414
1759 3008 1805 3049 S.
1840 3006 1896 3048 V.
1944 2986 2390 3070 Ναυσιφάνης

357 3100 421 3160 et
475 3097 602 3161 401
663 3119 710 3160 s.
757 3119 812 3160 v.
864 3091 1361 3178 Ἀπολλοφάνης
1424 3092 1705 3158 adnotat.
1805 3091 1909 3156 Ex
1975 3091 2214 3175 quibus
2268 3089 2387 3155 IV²

357 3202 465 3266 fol.
510 3204 639 3268 206
687 3201 779 3267 sic
823 3200 1150 3268 Usenerus
1197 3199 1543 3283 expressit:
1600 3200 1759 3283 μετὰ
1805 3209 2009 3264 ταῦτα
2055 3200 2220 3283 πρὸς
2265 3197 2386 3280 τὴν

358 3309 598 3394 τέχνην
660 3312 729 3375 τί
782 3309 862 3393 δὴ
925 3306 1236 3391 λέγουσιν
1296 3305 1443 3372 ἄλλ’
1500 3307 1541 3391 ἢ
1603 3310 2016 3392 ,,φιλόσοφος
2076 3303 2243 3391 ἀνὴρ
2307 3303 2388 3368 οὐ

504 3538 555 3606 1)
593 3536 662 3592 cf.
700 3536 983 3593 Hausrath
1022 3537 1126 3593 1.1.
1167 3554 1221 3606 p.
1254 3541 1375 3592 217.
