2650 3903
1085 235 1167 241 ——
1260 206 1442 259 XXIX
1534 234 1616 241 —

330 359 458 442 τὴν
514 353 590 421 δὲ
637 354 994 441 ῥητορικὴν
1041 353 1345 440 ἐπειρᾶτο
1393 358 1602 421 εἰπεῖν
1650 356 1999 440 οὐδεμ[ίαν
2044 359 2219 443 ἔχειν
2264 359 2367 422 vel

334 464 476 528 Sim.
571 459 663 526 Of.
712 458 894 526 Sexti
939 459 1256 544 Empirici
1304 459 1441 525 adv.
1489 462 1650 527 rhet.
1699 466 1739 543 ἓ
1775 447 1860 528 4‘8
1883 485 2020 547 sqq.

469 591 530 654 g.
579 570 675 633 ἔτι
724 564 783 630 δ’
830 568 893 631 εἰ
935 568 1023 651 μὴ
1073 565 1329 651 ἐκείνης
1371 569 1550 634 ἔστιν
1586 593 1648 635 τι
1686 567 1895 652 τέλος,
1941 566 2043 655 ἐφ’
2082 569 2117 634 ὃ
2156 571 2369 635 πάντα

334 675 416 740 τὰ
472 672 638 761 μέρη
689 673 1041 738 συννεύειν
1089 674 1371 759 ὀφείλει,
1425 683 1542 759 τῆς
1588 673 1939 763 ῥητορικῆς
1984 673 2184 742 οὐδέν
2233 677 2370 742 ἐστι

335 779 522 858 τέλος
565 777 703 873 1X2‚
745 780 901 863 1013
951 780 1124 864 quod
1168 780 1534 846 illustratur
1580 780 1762 847 Sexti
1804 782 1993 867 Emp.
2032 783 2168 848 adv.
2207 784 2369 848 rhei.

341 889 621 953 89—92.

471 996 532 1058 h.
591 1043 607 1059 .
636 1042 652 1059 .
683 1042 700 1062 .
748 996 909 1078 μετὰ
963 994 1210 1078 ταύτην
1264 994 1390 1077 τὴν
1436 991 1854 1080 ἐπικειμένην
1899 995 2373 1083 ὑπομνήσομεν

341 1100 589 1186 ἐκείνῃ·
655 1103 864 1185 δῆλον
927 1099 1029 1164 ὅτι
1090 1100 1220 1187 γὰρ
1285 1109 1464 1166 πᾶσα
1530 1100 1725 1188 τέχνη
1782 1102 1977 1190 χάριν
2033 1104 2373 1189 ὠφελίμου

340 1208 521 1282 τινὸς
564 1209 660 1284 εἰς
704 1209 823 1272 τὸν
870 1209 1024 1291 βίον
1071 1207 1366 1291 εἰσῆκται
1412 1205 1523 1272 καὶ
1561 1206 1599 1247 *
1643 1206 1755 1273 καὶ
1801 1213 2370 1294 παρασκευαστικὴ

342 1315 820 1397 συμφερόντων
867 1311 1075 1378 ἐστίν·
1123 1313 1164 1395 ἡ
1214 1308 1288 1376 δὲ
1337 1312 1651 1398 ῥητορικὴ
1699 1315 1863 1399 πρὸς
1899 1363 1915 1379 .
1946 1363 1962 1380 .
1992 1366 2005 1379 .
2052 1313 2190 1400 DF,
2227 1318 2370 1383 105.

339 1419 416 1482 cf.
464 1417 644 1483 Sexti
689 1418 882 1502 Emp.
931 1418 1068 1482 adv.
1116 1418 1278 1482 rhet.
1321 1420 1601 1502 10-12,
1648 1420 1758 1484 ubi
1806 1420 2042 1485 similia
2089 1421 2372 1487 Critolao

342 1524 591 1589 dantur.

472 1631 511 1696 i.
575 1633 883 1715 τοιαύτης
943 1627 1018 1695 δὲ
1072 1640 1185 1715 τῆς
1238 1633 1500 1717 πρώτης
1554 1631 1951 1711 ἀποδείξεως
2005 1639 2375 1721 πεφυκυίας

340 1736 649 1823 βλέπεται
704 1739 778 1803 τὸ
837 1736 1372 1823 διημαρτημένον
1427 1739 1555 1822 ἤδη
1606 1737 1718 1805 καὶ
1762 1748 1878 1823 τῆς
1922 1738 2374 1827 ἐκδεχομένης,

339 1841 495 1910 καθ’
543 1844 628 1928 ἣν
675 1841 931 1926 ἐλέγετο
977 1852 1156 1910 πᾶσα
1202 1843 1397 1932 τέχνη
1445 1847 1801 1932 τυγχάνειν
1847 1843 1949 1911 ἀεὶ
1989 1858 2109 1913 τοῦ
2146 1846 2376 1925 τέλους

344 1950 385 2036 ἢ
433 1953 594 2016 κατὰ
640 1955 716 2017 τὸ
763 1957 1097 2036 πλεῖστον,
1152 1951 1193 2035 ἡ
1244 1949 1319 2018 δὲ
1365 1951 1680 2040 ῥητορικὴ
1730 1953 2094 2042 μηδετέρου
2138 1954 2378 2039 γένους

345 2055 667 2144 μετέχειν·
725 2059 886 2124 ὅταν
937 2055 1011 2123 δὲ
1055 2057 1167 2124 καὶ
1213 2063 1449 2144 πείθῃ,
1509 2062 1620 2126 διά
1664 2084 1815 2126 τινα
1860 2072 1994 2126 τῶν
2039 2074 2286 2128 κοινῶν
2333 2063 2374 2146 ἢ

340 2163 451 2229 καὶ
496 2176 629 2230 τῶν
678 2167 1031 2231 ἰδιωτικῶν
1073 2164 1354 2250 νέμησιν
1400 2176 1521 2231 τοῦ
1567 2164 1797 2242 τέλους
1841 2167 2195 2250 τυγχάνειν
2235 2166 2372 2251 XF,

347 2272 490 2336 101.
585 2269 677 2336 Of.
726 2270 906 2336 Sexti
953 2271 1142 2355 Emp.
1190 2272 1329 2336 adv.
1376 2271 1538 2336 rhei».
1592 2274 1869 2338 13—15.

476 2378 536 2441 k.
588 2377 894 2463 Legimus
939 2376 1076 2462 IX²‚
1123 2378 1209 2444 52
1248 2409 1333 2432 =
1372 2377 1508 2463 XP,
1559 2381 1713 2445 100:
1775 2418 1848 2426 —
1901 2382 2012 2445 καὶ
2057 2382 2257 2467 φύσις
2303 2377 2376 2445 δὲ

344 2488 718 2568 κατενοήθη
767 2487 841 2549 τὸ
888 2495 1002 2570 τῆς
1046 2482 1278 2570 τέχνης
1323 2488 1524 2574 ἔργον
1571 2485 1940 2553 ἀποτελεῖν·
1988 2491 2083 2553 ἔτι
2122 2489 2184 2553 εἰ
2219 2503 2376 2570 συγ-

341 2593 712 2676 κεχώρηταί
758 2614 944 2668 τινας
999 2590 1370 2670 ἀδιδάκτως
1425 2588 1501 2658 εὖ
1552 2590 1795 2677 λέγειν,
1851 2591 1993 2659 ἀλλ’
2049 2593 2172 2658 οὐκ
2218 2593 2377 2657 ἀπο-

345 2699 676 2762 δεικνύειν
715 2693 1049 2781 φήσουσιν
1087 2700 1368 2784 ἄτεχνον
1396 2694 1608 2765 οὖσαν
1637 2701 1759 2784 τὴν
1788 2698 2162 2785 ῥητορικήν.
2220 2696 2378 2763 Con-

345 2804 512 2868 feras
558 2801 694 2888 IX2‚
742 2805 829 2869 60
867 2835 951 2858 =
989 2802 1125 2889 IX2‚
1173 2807 1288 2890 98,
1343 2806 1420 2870 fr.
1469 2807 1535 2871 8:
1602 2816 1828 2891 σαφῶς
1880 2806 2008 2891 γὰρ
2064 2807 2222 2889 ἔφη,
2279 2805 2379 2870 ὅτι

343 2910 668 2994 Δημάδης
714 2909 835 2976 οὐκ
882 2913 1155 2995 ἔμαθεν,
1209 2911 1297 2989 ὣς
1345 2909 1406 2976 δ’
1451 2913 1665 2988 αὔτως
1710 2913 2032 2998 Αἰσχίνης
2076 2915 2223 2996 ῆτοι
2267 2909 2378 2975 καὶ

344 3013 497 3102 παρ’
554 3017 778 3082 ἄλλων
831 3016 871 3101 ἢ
931 3014 1019 3081 δι’
1074 3016 1295 3082 αὑτῶν
1350 3018 1431 3083 τὰ
1486 3019 1815 3102 μεθοδικὰ
1871 3027 1984 3102 τῆς
2030 3018 2379 3103 ῥητορικῆς

345 3118 484 3186 οὔτ’
533 3123 787 3187 ἄπλατα
834 3125 908 3188 τὸ
955 3128 1216 3207 πλῆθος
1262 3125 1423 3189 ὄντα
1459 3126 2081 3211 προσκαρτερήσεῶς
2115 3145 2185 3186 τε
2220 3126 2379 3186 πολ-

344 3232 464 3311 λῆς
511 3226 594 3293 οὐ
642 3229 950 3312 δεόμενα·
995 3230 1115 3293 τὸν
1162 3225 1283 3313 μὲν
1329 3230 1456 3314 γὰρ
1505 3227 1957 3314 Δημοσθένην
2002 3229 2242 3303 πάντες
2277 3250 2379 3292 κε-

344 3333 668 3416 κράγασιν
717 3334 787 3398 οἰ
815 3333 955 3400 κατ’
999 3335 1205 3400 αὐτὸν
1242 3339 1547 3420 τεχνίτην
1583 3331 1754 3402 εἶναι
1793 3331 1903 3399 καὶ
1940 3336 2381 3419 Κριτόλαος

345 3439 470 3504 οὐκ
517 3439 933 3526 ἀπαρνεῖται·
983 3442 1222 3527 ὀχυροῖ
1263 3439 1337 3506 δὲ
1382 3441 1652 3528 προσέτι
1697 3443 1772 3506 τὸ
1819 3443 2217 3525 ταττόμενον
2255 3435 2372 3524 ὑφ’

344 3543 533 3628 ἡμῶν
584 3546 805 3612 αὐτῶν
851 3549 1050 3632 μικρὰ
1097 3548 1274 3632 παρὰ
1321 3557 1438 3632 τῆς
1483 3545 1715 3632 τέχνης
1759 3545 1963 3612 αὐτὸν
2009 3544 2379 3631 εἰληφέναι·
2469 3568 2474 3577 ²
