2650 3903
990 239 1071 246 -
1163 210 1399 263 XXXIX
1493 238 1574 245 -—

271 357 612 446 πίστεων),
667 358 1078 443 peroratione
1134 361 1571 444 proferantur,
1632 382 1704 424 ea
1758 382 1839 425 ne
1897 382 1933 423 a
1989 361 2303 445 sophistis

269 467 545 552 quidem,
593 466 703 550 qui
753 465 1027 549 sapiant,
1073 466 1428 530 rhetoricae
1475 466 1803 552 vindicari,
1852 470 1917 530 et
1964 466 2090 530 alia
2136 468 2299 532 alios

267 574 336 638 in
365 571 706 638 scribendo
736 572 1014 637 artifices
1038 572 1390 656 partitione
1419 573 1516 637 uti
1537 572 1732 660 (XXa,
1750 572 2151 657 12—XXII2,
2170 573 2301 658 16).

264 679 342 744 Id
400 701 654 764 quoque
708 683 1082 765 arroganter
1136 680 1219 744 ab
1276 679 1408 744 illis
1463 679 1620 763 poni
1676 680 1858 765 dicit,
1913 679 2301 745 rhetoricam

266 785 715 871 quodcumque
754 787 830 850 de
869 786 1143 872 singulis
1181 785 1582 872 singularum
1611 786 1848 852 artium
1876 786 2302 871 problematis

268 892 586 977 disputari
632 892 860 977 possit,
905 893 1175 957 tradere.
1250 892 1434 969 Quod
1471 893 1565 957 ita
1602 897 1876 958 coercet:
1922 915 2054 957 non
2092 893 2301 958 solum

268 999 345 1062 de
402 999 696 1083 quolibet
752 999 1090 1083 proposito
1149 999 1475 1083 sophistas
1526 999 1783 1086 singula
1828 998 2058 1064 melius
2107 1022 2301 1084 quam

266 1105 430 1170 alios
479 1105 755 1169 artifices
800 1128 934 1170 non
979 1105 1353 1170 inventuros
1400 1128 1564 1190 esse,
1621 1106 1732 1171 sed
1776 1128 1858 1170 ne
1907 1106 1983 1171 de
2030 1106 2300 1191 politico

269 1210 556 1295 quidem,
616 1211 786 1295 quod
840 1212 1117 1275 maxime
1172 1212 1269 1275 illi
1327 1212 1731 1296 profitentur.
1822 1213 2052 1276 Restat
2097 1212 2303 1298 igitur

266 1316 612 1381 ridiculum
658 1316 820 1380 iHud
866 1317 1259 1381 rhetoricum
1296 1318 1374 1381 de
1414 1317 1751 1382 rhetoricis
1790 1340 1952 1403 quae
1992 1318 2116 1382 dici
2155 1341 2302 1403 pos-

267 1424 416 1510 sint,
464 1424 877 1488 inventurum
916 1423 1130 1488 omnia
1169 1421 1425 1511 (XXIP,
1466 1424 1863 1509 16-XXX²‚
1905 1423 2035 1511 19).
2109 1424 2303 1488 Deni-

269 1553 393 1614 que
438 1531 664 1615 XXXa,
697 1529 1095 1615 19—XLII³‚
1124 1534 1167 1596 4
1212 1553 1451 1617 genera
1499 1531 1747 1596 dicendi
1794 1529 2110 1615 iudiciale,
2158 1551 2302 1593 con-

266 1636 524 1722 tionale,
560 1636 959 1701 laudativum
997 1642 1435 1702 recensentur:
1482 1641 1797 1701 tractatur
1834 1640 2053 1700 tamen
2089 1634 2303 1699 lauda-

265 1742 472 1807 tivum
535 1747 792 1807 tantum
856 1743 987 1807 illis
1042 1743 1112 1808 in
1167 1743 1342 1807 aliud
1397 1747 1655 1826 tempus
1711 1740 1943 1805 dilatis.
2042 1739 2119 1804 In
2175 1762 2301 1823 quo

264 1848 564 1913 similiter
601 1854 796 1933 atque
834 1849 902 1912 in
940 1849 1470 1914 antecedentibus
1507 1849 1839 1912 rhetorum
1868 1845 2304 1932 arrogantiam

267 1954 563 2038 castigat,
611 1955 721 2037 qui
771 1976 1025 2019 omnem
1067 1955 1371 2019 laudandi
1420 1960 1485 2019 et
1531 1953 1939 2039 vituperandi
1986 1955 2303 2019 rationem

266 2058 509 2144 poetis,
555 2058 966 2143 philosophis
1012 2060 1282 2142 aliisque
1332 2064 1713 2142 extorquere
1761 2058 2086 2143 studeant,
2133 2058 2303 2122 illos-

270 2188 396 2249 que
451 2165 521 2229 in
576 2168 926 2250 angustum
982 2169 1314 2247 tamquam
1371 2185 1607 2250 gyrum
1661 2162 2020 2246 compellit,
2077 2164 2177 2227 ὅτι
2223 2165 2302 2228 τὰ

267 2282 541 2338 τοιαῦτα
589 2270 879 2354 ἐγκώμια
916 2269 1138 2354 λέγειν
1174 2268 1284 2334 καὶ
1322 2269 1608 2356 γράφειν
1644 2270 1929 2353 οἴδασιν,
1976 2261 2084 2334 οἷοι
2120 2291 2299 2356 περι-

264 2377 559 2465 φέρεται,
606 2376 788 2442 cuius
835 2376 1091 2462 generis
1136 2381 1288 2442 sunt
1324 2374 1654 2442 Busirides
1699 2375 1795 2440 illi
1833 2375 1935 2440 vel
1969 2375 2110 2442 laus
2150 2377 2301 2441 salis

267 2485 370 2549 vel
417 2484 668 2549 similia.

399 2591 581 2656 Ecce
613 2590 739 2656 tibi
787 2590 982 2657 series
1031 2595 1095 2655 et
1142 2612 1525 2676 progressus
1571 2590 1774 2655 totius
1822 2590 2028 2654 adhuc
2066 2588 2298 2672 operis.

268 2697 620 2782 Postquam
657 2697 827 2761 libro
866 2698 1077 2782 primo
1109 2697 1505 2762 adversarios
1533 2695 1972 2781 perlustravit,
2011 2715 2299 2778 quaeque

269 2826 506 2890 genera
560 2803 901 2888 pravitatis
958 2808 1023 2869 et
1078 2803 1523 2887 perversitatis
1569 2801 1847 2866 maxime
1895 2804 2302 2864 occurrerent

270 2910 572 2993 exposuit
620 2910 914 2995 viamque
960 2910 1254 2994 munivit,
1300 2910 1381 2973 ad
1418 2909 1674 2994 singula
1711 2928 2093 2993 progressus
2130 2906 2300 2969 libro

270 3016 474 3081 altero
531 3016 740 3101 docet,
798 3016 953 3100 quid
1008 3016 1085 3079 de
1136 3015 1492 3080 rhetoricae
1540 3013 1840 3097 partibus
1887 3011 2301 3077 statuendum

269 3122 377 3205 sit,
422 3121 577 3207 quid
624 3122 705 3185 ab
755 3122 916 3206 aliis,
964 3121 1119 3205 quid
1157 3122 1238 3185 ab
1278 3119 1619 3204 Epicureis
1667 3119 1743 3183 de
1792 3119 1928 3183 eius
1974 3118 2037 3181 vi
2086 3138 2158 3178 ac
2194 3137 2301 3179 na-

269 3233 418 3293 tura
472 3228 874 3313 disputatum
926 3228 1027 3293 sit.
1118 3227 1212 3293 Ut
1258 3231 1476 3291 autem
1522 3224 1942 3309 sophisticam
1989 3224 2125 3284 arte
2171 3241 2303 3283 non

268 3357 484 3400 carere
542 3335 850 3419 ostendit,
905 3335 998 3399 ita
1047 3333 1383 3415 politicam
1428 3332 1607 3397 nulla
1653 3334 1790 3393 arte
1837 3325 2150 3391 contineri
2200 3348 2304 3390 ex·

270 3442 475 3528 ponit,
511 3464 630 3507 nec
667 3441 852 3526 peius
891 3464 927 3504 a
959 3439 1379 3526 grammatico
1410 3436 1816 3518 maximeque
1845 3455 1881 3495 a
1908 3431 2302 3517 philosopho

271 3570 467 3632 quam
496 3571 532 3611 a
560 3548 854 3632 sophista
883 3569 1024 3611 eam
1053 3546 1220 3611 tradi
1248 3566 1439 3629 posse
1466 3542 1637 3605 libro
1658 3539 1852 3605 tertio
1874 3539 2308 3624 persequitur.
