2650 3903
1055 188 1138 196 —-
1230 159 1466 213 xxxiv
1560 187 1641 194 —

334 312 446 396 qui
492 331 701 394 neque
748 309 817 373 in
864 308 1103 373 forensi
1151 329 1360 392 neque
1400 308 1469 372 in
1505 308 1790 373 iudiciali
1827 329 2034 392 neque
2072 308 2141 372 in
2178 331 2369 392 pane·

334 416 557 503 gyrico
605 436 839 501 genere
877 414 1082 478 ullum
1120 414 1244 478 arti
1281 414 1497 480 locum
1535 438 1672 480 esse
1712 414 1903 480 dixit:
1948 438 2156 500 neque
2196 415 2369 479 enim

335 546 471 588 esse
520 543 710 606 posse
757 520 937 607 vulgi
977 521 1298 605 quandam
1336 543 1482 586 cum
1519 527 1656 586 arte
1694 523 2176 606 persuasionem
2212 521 2368 605 Epi·

335 630 470 695 curi
508 627 883 693 testimonio
922 627 1235 712 patefieri,
1284 627 1456 712 quod
1492 650 1555 711 p.
1586 628 1673 691 94
1710 628 2053 710 profertur.
2069 628 2119 712 ¹)
2176 628 2368 705 Quin-

332 743 440 802 tus
478 733 723 799 accedit
763 733 1072 819 magister
1102 732 1540 816 AtheniensiS,
1587 732 1697 816 qui
1736 754 1881 798 cum
1917 733 2132 798 XXVI
2168 757 2371 798 annos

334 839 819 927 philosophiam
848 837 1342 928 (Epicuream‘P)
1380 839 1780 924 profiteatur,
1815 843 2033 903 tamen
2066 839 2182 902 ubi
2210 841 2373 903 haec

338 948 629 1031 quaestio
677 946 1078 1033 profligetur,
1123 968 1254 1010 non
1300 946 1618 1010 invenerit
1665 945 1903 1030 quique
1950 968 1987 1010 a
2034 944 2371 1028 discipulis

336 1053 624 1120 sollertia
679 1057 744 1117 et
790 1053 1136 1139 indagandi
1184 1052 1494 1117 felicitate
1542 1057 1883 1135 superatus
1930 1052 2031 1117 sit.
2123 1050 2371 1136 Itaque,

336 1159 569 1244 inquit,
611 1164 684 1224 ut
722 1158 818 1223 illi
857 1160 1096 1224 frustra
1136 1180 1440 1243 quaerere
1479 1158 1861 1242 desinerent,
1897 1158 2044 1223 illos
2081 1158 2373 1242 Epicuri,

338 1266 739 1351 Hermarchi,
784 1265 1138 1331 Metrodori
1175 1265 1353 1330 locos
1391 1265 1460 1330 in
1496 1265 1705 1330 medio
1745 1266 2074 1350 proposui.
2111 1303 2185 1312 —
2218 1264 2371 1331 Non

337 1395 604 1458 possum
646 1372 901 1457 singula
938 1372 1258 1456 persequi,
1306 1371 1611 1455 quoniam
1648 1371 1796 1435 illae
1834 1371 2110 1457 paginae
2149 1370 2371 1434 etiam-

336 1503 508 1545 nunc
553 1500 857 1564 magnam
902 1482 1156 1561 partem
1203 1477 1637 1542 restituendae
1685 1481 1852 1541 sunt.

471 1585 547 1649 In
585 1583 1006 1670 sequentibus
1045 1606 1137 1669 ea,
1184 1605 1347 1668 quae
1386 1582 1729 1647 adversarii
1769 1605 1847 1646 ex
1883 1582 2072 1647 libris
2100 1582 2370 1666 Epicuri

338 1696 403 1756 et
422 1691 776 1756 Metrodori
802 1696 1024 1755 contra
1043 1690 1495 1759 Philodemum
1513 1689 1884 1773 attulerant,
1906 1688 2374 1753 examinantur.

337 1798 434 1862 Ac
472 1798 755 1881 primum
791 1820 853 1880 p.
889 1799 1033 1880 102,
1061 1798 1389 1879 22—119,
1418 1798 1500 1862 27
1532 1794 1713 1860 locus
1743 1793 2033 1859 Convivii
2062 1795 2370 1878 Epicurei

337 1907 679 1987 tractatur,
736 1924 927 1987 quem
983 1903 1328 1969 adversarii
1386 1905 1608 1968 contra
1658 1901 2110 1967 Philodemum
2154 1901 2370 1966 afferri

341 2032 531 2095 posse
578 2013 980 2095 putaverant.
1056 2009 1220 2074 Tum
1263 2012 1408 2095 119,
1446 2011 1774 2093 28—120,
1813 2009 1855 2075 5
1900 2030 1980 2072 ne
2018 2009 2370 2073 Metrodori

341 2117 600 2202 quidem
653 2117 831 2182 locos
886 2122 1110 2181 contra
1165 2138 1232 2181 se
1288 2115 1640 2200 productos
1696 2115 2046 2200 quidquam
2091 2116 2370 2199 probare

340 2246 531 2308 posse
590 2224 772 2307 dicit,
827 2223 1287 2308 pollicitusque
1345 2245 1412 2287 se
1469 2222 1853 2308 singillatim
1910 2221 1986 2285 de
2040 2221 2375 2287 nonnullis

339 2331 535 2393 rebus
582 2329 711 2393 alio
759 2329 956 2392 etiam
1000 2329 1142 2393 loco
1189 2330 1389 2393 verba
1435 2330 1758 2393 facturum
1793 2328 2166 2412 Metrodori,
2211 2327 2371 2392 Her-

339 2434 611 2518 marchi,
666 2434 937 2517 Epicuri
983 2433 1376 2499 testimoniis
1423 2434 1954 2519 acquiescendum
2004 2439 2221 2499 censet
2268 2435 2372 2498 ad·

338 2541 507 2605 iecto
565 2541 685 2604 sub
743 2541 938 2604 finem
993 2540 1186 2605 huius
1232 2540 1439 2624 partis
1484 2540 1835 2606 Metrodori
1882 2541 2051 2625 loc0,
2117 2563 2242 2625 quo
2289 2562 2373 2605 ne

338 2646 762 2730 sophisticam
809 2646 1068 2731 quidem
1113 2646 1501 2712 rhetoricam
1546 2648 1720 2712 haud
1766 2669 1947 2712 secus
1993 2670 2067 2712 ac
2112 2647 2372 2712 iudicia-

337 2754 467 2818 lem
523 2758 588 2817 et
643 2755 965 2819 forensem
1020 2754 1158 2818 sine
1214 2775 1336 2819 usu
1383 2754 1660 2839 quodam
1707 2776 1780 2819 ac
1826 2776 2040 2819 rerum
2086 2753 2372 2818 civilium

337 2858 577 2923 notitia
624 2860 896 2945 cogitari
944 2882 1135 2944 posse
1183 2860 1559 2944 explicetur.

477 2964 715 3050 TertiO,
763 2966 935 3050 quod
972 2971 1296 3052 posuerat,
1345 2967 1556 3051 capite
1595 2966 1688 3055 (p.
1723 2970 1867 3052 122,
1895 2967 2224 3051 25—136,
2252 2964 2376 3051 20)

341 3071 714 3156 exponitur:
781 3074 953 3137 διότι
1018 3075 1101 3157 δὴ
1162 3072 1271 3139 καὶ
1329 3069 1471 3139 κατ’
1532 3073 1858 3158 ἀλήθειαν
1918 3073 1959 3156 ἡ
2021 3074 2369 3157 σοφιστικὴ

340 3179 655 3265 ῥητορικὴ
710 3177 906 3265 τέχνη
953 3182 1051 3256 τίς
1097 3178 1277 3245 ἐστιν
1322 3182 1482 3266 περί
1518 3203 1587 3245 τε
1632 3182 1748 3257 τὰς
1793 3178 2166 3260 ἐπιδείξεις,
2227 3178 2378 3254 οἵας

489 3427 539 3489 1)
587 3422 770 3479 Video
815 3442 965 3478 nunc
1000 3443 1056 3494 p.
1086 3430 1156 3481 94
1194 3441 1319 3479 cum
1363 3430 1489 3493 100,
1533 3430 1819 3493 12-101,
1859 3431 1927 3480 33
1975 3423 2378 3480 conferendam

338 3526 489 3580 esse,
527 3510 676 3565 unde
714 3517 810 3584 95,
851 3518 882 3567 '¹1
920 3521 1112 3568 κακῶν
1149 3512 1454 3583 legendum
1492 3528 1614 3567 esse
1652 3512 1851 3571 elucet.
