2650 3903
1082 173 1582 226 -XLII—

441 323 612 390 Nam
666 322 1042 407 philosophi
1097 322 1200 386 vel
1245 322 1524 388 maxime
1572 324 1804 388 remoti
1851 347 1888 388 a
1933 325 2169 389 forensi
2218 326 2339 390 sol-

307 427 641 493 licitudine
699 428 887 491 beate
942 427 1154 492 vivere
1211 434 1511 515 possunt,
1577 431 1728 515 quia
1783 453 1928 496 cum
1981 431 2114 496 otio
2125 482 2142 516 ,
2195 432 2339 516 fide,

312 534 562 601 iustitia
608 534 861 619 vivunt,
908 557 981 598 ac
1029 534 1083 599 si
1133 557 1292 620 quos
1339 537 1584 602 habent
1630 537 1950 623 inimicoS,
1998 560 2106 603 eos
2152 539 2341 602 bene-

307 643 472 708 ficiis
539 647 604 707 et
669 641 972 705 comitate
1029 641 1268 708 amicos
1324 643 1571 707 faciunt
1627 643 1737 730 (Β,
1785 647 1889 728 27,
1927 647 2038 729 28;
2103 643 2190 730 Α,
2232 632 2377 727 12,Ἃ

307 748 380 831 Β,
410 746 542 834 20).
610 747 774 812 Sunt
812 748 983 813 enim
1020 748 1349 814 utilissimi
1389 750 1684 814 societati
1721 752 2056 836 humanae,
2095 751 2338 835 quippe

311 853 421 937 qui
495 853 716 939 legum
781 854 1232 920 auctoritatem
1296 856 1676 920 confirment
1744 862 1808 920 et
1875 856 2339 938 commendent,

307 959 532 1024 multis
578 960 883 1044 privatim
933 983 1195 1045 operam
1241 965 1478 1025 navent
1526 959 1641 1048 (Α,
1685 960 1783 1048 4),
1839 961 2025 1026 utilia
2073 983 2145 1025 ac
2193 962 2337 1026 sim-

308 1066 504 1152 plicia
558 1067 961 1150 praecipiant
1018 1072 1083 1131 et
1139 1067 1408 1131 doceant
1464 1066 1567 1155 (B,
1608 1071 1673 1133 7:
1738 1069 1815 1132 cf.
1855 1069 1930 1133 fr.
1970 1070 2011 1133 2
2058 1092 2120 1153 p.
2161 1066 2337 1154 226).

306 1173 478 1250 Quin
515 1173 709 1237 etiam
745 1173 965 1260 legum
1001 1174 1240 1239 latores
1277 1174 1539 1239 fuerunt
1577 1175 1914 1263 Lycurgus
1953 1180 2018 1240 et
2045 1174 2338 1239 Pittacus

305 1280 725 1343 Demostheni
779 1280 971 1366 longe
1019 1281 1420 1364 praeferendi
1466 1281 1569 1368 (Β,
1619 1282 1749 1371 14).
1831 1282 2070 1346 Mirum
2117 1282 2337 1366 igitur,

306 1386 361 1450 si
410 1384 728 1450 Critolaus
774 1387 1201 1472 philosophos
1248 1411 1284 1451 a
1333 1389 1659 1454 condenda
1705 1411 1773 1453 re
1821 1388 2084 1473 publica
2130 1408 2337 1472 segre·

304 1493 551 1578 gandos
599 1496 814 1557 censet
861 1492 963 1580 (B,
1005 1490 1133 1578 13).

441 1599 607 1674 Quid
654 1599 825 1663 enim
870 1598 1122 1663 felicius
1169 1599 1443 1685 cogitari
1481 1602 1701 1683 potest
1738 1598 1855 1663 tali
1895 1599 2174 1682 civitate,
2221 1599 2336 1663 ubi

306 1704 845 1789 philosophorum
891 1709 1238 1789 praecepta
1284 1704 1558 1790 valeant,
1605 1705 1720 1768 ubi
1764 1728 1846 1770 ne
1883 1705 2038 1769 victi
2079 1704 2336 1790 quidem

304 1812 753 1876 communibus
774 1811 1128 1876 communis
1153 1811 1246 1874 rei
1267 1811 1568 1895 publicae
1599 1811 1949 1876 commodis
1969 1811 2329 1895 priventur!

310 1917 492 2004 (pap.
518 1918 707 2001 1669,
733 1917 847 1982 col.
869 1914 1008 2004 IV).
1052 1916 1289 1982 Contra
1320 1939 1514 2003 quam
1539 1917 1771 1983 misera
1800 1940 2021 1983 eorum
2049 1918 2363 2009 condicio

304 2047 441 2089 esse
498 2023 686 2108 solet,
744 2024 854 2107 qui
911 2024 990 2087 ad
1046 2047 1182 2089 rem
1237 2025 1569 2109 publicam
1624 2026 1995 2091 accedentes
2047 2027 2129 2090 ab
2178 2025 2337 2110 ipsis

304 2131 580 2215 civibus,
647 2129 883 2215 quibus
946 2131 1075 2196 cari
1132 2153 1266 2195 esse
1323 2132 1674 2216 debebant,
1739 2131 1967 2196 misere
2025 2154 2335 2216 persaepe

304 2242 666 2301 mactentur
720 2236 1099 2325 (IV—VII).
1192 2237 1445 2316 Quanto
1494 2238 1767 2322 denique
1814 2238 2065 2303 felicius
2109 2238 2334 2303 vivunt

304 2343 678 2429 philosophi
752 2344 816 2408 in
893 2344 1182 2428 qualibet
1259 2345 1545 2427 civitate,
1620 2345 1729 2429 qui
1804 2367 1940 2410 rem
2004 2345 2335 2429 publicam

306 2452 564 2516 omnino
611 2474 741 2516 non
789 2450 1242 2534 capessendam
1287 2450 1572 2515 iudicent
1618 2449 1847 2538 (VHI).

436 2556 599 2622 Mire
629 2558 755 2624 sibi
783 2559 1075 2623 rhetores
1102 2556 1431 2622 vindicant
1459 2561 1532 2623 τὸ
1560 2561 1954 2641 πελαγίζειν,
1992 2557 2030 2621 1.
2054 2580 2103 2621 0.
2134 2558 2332 2622 abun-

305 2662 522 2727 dantia
597 2664 871 2749 quadam
940 2663 1251 2729 sermonis
1313 2668 1646 2748 tamquam
1709 2664 1778 2728 in
1843 2665 1975 2728 alto
2041 2663 2194 2729 ferri
2260 2687 2333 2728 ac

304 2770 640 2854 fluctuare,
698 2772 878 2855 quasi
936 2771 1149 2836 brevis
1196 2775 1260 2835 et
1307 2754 1613 2836 adstricta
1660 2771 1865 2836 oratio
1914 2771 2173 2835 omnino
2222 2771 2334 2835 im-

303 2877 637 2960 probanda
683 2877 785 2941 vel
831 2877 1268 2964 interrogandi
1315 2878 1870 2962 respondendique
1918 2878 2083 2942 ratio
2124 2918 2198 2925 ——
2242 2878 2335 2941 in·

301 2988 569 3048 ventum
633 2982 1172 3067 philosophorum
1237 2984 1447 3070 magis
1511 3008 1703 3068 quam
1766 2985 2100 3048 rhetorum
2163 3023 2236 3031 —
2298 3007 2333 3046 a

301 3090 622 3155 rhetorica
669 3089 929 3154 omnino
977 3089 1370 3176 seiungenda
1418 3090 1502 3155 sit
1549 3088 1928 3177 (IX—XII).

440 3196 599 3263 Cum
665 3195 1060 3261 adversarius
1124 3196 1576 3280 philosophiae
1642 3195 1926 3260 studium
1987 3217 2132 3259 cum
2186 3216 2331 3280 geo·

302 3304 535 3368 metria
608 3325 1009 3388 comparasse
1081 3302 1406 3385 videatur,
1490 3324 1683 3385 quam
1755 3307 1941 3366 vocat
2015 3300 2331 3385 inutilem,

302 3409 718 3475 Philodemus
773 3409 1129 3475 rhetoricae
1185 3407 1406 3493 potius
1453 3430 1599 3473 cum
1644 3408 1756 3471 illa
1802 3408 2194 3472 intercedere
2243 3409 2330 3472 af-

299 3515 620 3581 finitatem
695 3523 758 3581 et
833 3517 1320 3582 similitudinem
1386 3515 1623 3581 evincit
1688 3513 2177 3603 (XIII-XIV).
2248 3555 2329 3562 —
