2650 3903
1079 217 1162 226 ——
1253 189 1463 243 XXXII
1561 218 1634 226 —

332 345 539 406 artem
578 360 714 403 esse
752 339 1086 422 probatur,
1123 338 1366 424 legitur
1404 341 1508 425 31,
1542 342 1744 425 3—73
1792 340 1993 405 altera
2032 342 2137 426 35,
2171 344 2371 427 1—53

335 445 528 511 tertia
557 446 661 529 36,
691 446 981 529 24—283
1029 449 1258 528 quarta
1285 447 1392 530 40,
1426 448 1710 532 18—243
1760 447 1986 531 quinta
2014 450 2120 532 42,
2151 450 2372 514 5—10

336 557 403 616 et
454 552 740 635 12—163
788 555 971 616 sexta
1016 553 1123 634 44,
1165 553 1442 617 16—21.
1496 591 1573 601 —

471 658 645 735 Quae
683 658 980 741 proxima
1018 663 1203 742 parte
1241 659 1348 744 47,
1380 660 1660 742 17—68,
1694 662 1726 723 1
1761 666 1985 725 contra
2012 661 2372 746 Epicureos

340 765 770 850 disputantur,
818 765 886 828 in
933 787 1008 829 eo
1056 765 1346 829 maxime.
1382 768 1737 850 versantur,
1785 766 1958 848 quod
1995 768 2374 850 rhetoricae,

339 870 748 955 sophisticae,
796 871 1098 955 politicae
1146 871 1445 936 notiones
1490 893 1621 935 non
1668 870 1826 935 satis
1873 871 2372 957 distinguantur.

340 975 618 1042 Interest
691 982 908 1042 autem
981 977 1151 1042 inter
1216 982 1465 1043 ceteros
1532 982 1598 1041 et
1660 977 2021 1061 Bromium,
2096 977 2373 1041 amicum

338 1082 728 1168 Philodemi,
794 1105 1069 1168 quorum
1124 1083 1220 1148 illi
1276 1106 1409 1148 non
1463 1083 1557 1148 ita
1611 1083 1890 1149 multum
1945 1085 2027 1148 ab
2072 1083 2372 1168 „Epicuro

342 1188 679 1254 dissentire
726 1190 1043 1275 videntur,
1088 1190 1194 1255 hic
1240 1191 1373 1255 fere
1423 1191 1726 1255 omnibus
1773 1191 2111 1276 discrepat.

471 1295 609 1360 Iam
648 1296 851 1361 altera
888 1297 1080 1362 huius
1118 1297 1274 1362 libri
1312 1302 1497 1382 parte
1538 1298 1816 1381 scriptor
1845 1320 1993 1362 suas
2022 1296 2374 1362 sententias

344 1403 608 1486 profert.
708 1402 784 1467 In
851 1425 977 1486 quo
1035 1425 1181 1468 cum
1237 1408 1609 1487 quaeratur,
1675 1403 1842 1468 sitne
1897 1402 2217 1468 rhetorica
2272 1425 2375 1466 ars

340 1531 558 1591 necne,
605 1508 761 1592 quid
798 1509 884 1574 sit
921 1531 1041 1595 arS,
1089 1510 1424 1594 aptissime
1464 1510 1781 1574 definitur.
1846 1508 2123 1574 Abiecta
2160 1514 2376 1574 autem

342 1614 455 1677 illa
508 1615 755 1700 volgari
812 1637 962 1680 vera
1017 1638 1120 1681 ars
1174 1618 1295 1680 hac
1352 1615 1723 1680 definitione
1772 1614 2221 1701 distinguitur:
2278 1620 2376 1680 est

343 1720 513 1785 enim
560 1720 689 1800 ἕξις
734 1722 776 1807 ἢ
825 1723 1129 1800 διάθεσις
1170 1722 1297 1789 ἀπὸ
1336 1725 1844 1807 παρατηρήσεως
1881 1733 2082 1788 τινῶν
2119 1733 2367 1788 κοινῶν

342 1825 453 1892 καὶ
527 1831 998 1913 στοιχειωδῶν,
1076 1830 1117 1894 ἃ
1192 1830 1304 1894 διὰ
1377 1832 1709 1895 πλειόνων
1782 1830 1993 1913 διήκει
2061 1839 2195 1895 τῶν
2265 1826 2372 1894 ἐπὶ

345 1931 588 2018 μέρους
640 1935 1234 2021 καταλαμβάνουσά
1290 1960 1360 2001 τε
1418 1934 1528 2002 καὶ
1584 1941 1994 2002 συντελοῦσα
2038 1945 2366 2019 τοιοῦτον,

346 2033 491 2107 οἷον
566 2042 810 2126 ὁμοίως
880 2053 1013 2108 τῶν
1086 2045 1200 2128 μὴ,
1240 2047 1601 2128 μαθόντων
1664 2042 1933 2127 οὐθείς,
2007 2042 2370 2128 ἑστηκότι-ος

345 2146 456 2213 καὶ
514 2152 798 2233 βεβαίως
861 2146 1020 2215 οὐδὲ
1085 2160 1524 2236 στοχαστικῶς
1588 2151 1699 2234 69,
1746 2151 2009 2234 5—70,
2059 2151 2159 2215 15.
2262 2147 2377 2213 Cui

347 2254 607 2337 quidem
663 2255 1023 2321 definitioni
1080 2256 1436 2340 sophistica
1493 2255 1833 2341 satisfacit,
1887 2278 2018 2320 non
2065 2256 2378 2320 satisfacit

346 2359 629 2442 politica.
724 2359 815 2423 Of.
866 2363 969 2445 76,
1010 2363 1088 2426 11
1110 2384 1248 2444 sqq.

481 2463 795 2541 Quoniam
852 2470 1069 2530 autem
1115 2466 1437 2550 Epicureo
1494 2490 1715 2533 verum
1763 2469 2198 2533 demonstrare
2246 2470 2378 2532 fere

350 2570 519 2635 idem
572 2574 669 2636 est
716 2576 910 2656 atque
958 2572 1314 2656 Epicurum
1363 2574 1544 2658 sequi
1593 2580 1658 2638 et
1706 2575 2105 2659 coryphaeos
2153 2579 2381 2657 sectae,

350 2677 445 2741 nil
492 2678 821 2762 antiquius
867 2679 1086 2765 habet,
1136 2701 1330 2763 quam
1375 2686 1449 2745 ut
1497 2681 1794 2765 explicet,
1843 2681 2082 2766 quibus
2117 2681 2278 2746 locis
2316 2685 2381 2744 et

350 2785 749 2867 argumentis
794 2786 918 2850 hoc
963 2786 1060 2850 illi
1100 2786 1344 2852 Zenoni
1390 2787 1703 2874 magistro
1747 2789 2035 2871 proferre
2072 2786 2195 2852 visi
2234 2786 2380 2851 sint.

348 2887 565 2972 Atque
621 2890 943 2973 Epicurus
1008 2893 1110 2956 vel
1172 2894 1363 2978 ipsis,
1430 2894 1666 2978 quibus
1731 2895 2038 2958 utebatur
2097 2891 2383 2973 vocibus,

352 2994 507 3079 quid
563 2998 862 3082 senserit,
918 2998 1266 3085 significat,
1330 3002 1440 3084 78,
1487 3002 1722 3065 2—19.
1822 3000 2257 3064 Hermarchus
2313 2998 2381 3061 in

348 3102 585 3168 litteris
632 3104 714 3167 ad
750 3103 1195 3188 Theophidam
1242 3106 1410 3170 datis
1458 3127 1639 3170 suam
1677 3105 1754 3169 de
1791 3105 2148 3170 rhetoricae
2187 3102 2384 3187 parti-

349 3209 474 3274 bus
542 3210 928 3276 sententiam
994 3213 1322 3297 exposuit,
1391 3215 1502 3297 78,
1563 3214 1865 3297 19-85,
1926 3215 2006 3278 13
2072 3209 2204 3298 (vel
2255 3211 2384 3292 19).

351 3314 750 3400 Quamquam
805 3321 1021 3381 autem
1075 3341 1207 3382 non
1264 3319 1480 3383 omnia
1533 3318 1789 3384 restitui
1836 3322 2168 3403 poterant,
2223 3316 2386 3380 illud

351 3425 569 3485 tamen
615 3429 889 3508 apparet
927 3424 1397 3490 Hermarchum
1441 3447 1574 3489 non
1610 3431 1743 3490 tam
1784 3425 2207 3509 sophisticam
2246 3446 2384 3488 esse

351 3531 553 3591 artem
604 3551 796 3612 quam
841 3529 1006 3593 nihil
1053 3553 1190 3595 esse
1239 3530 1396 3594 artis
1443 3530 1511 3594 in
1561 3532 1895 3596 causidicis
1945 3536 2009 3596 et
2057 3531 2386 3596 contiona-
