2650 3903
1071 216 1152 222 —-
1244 187 1422 241 XLIII
1516 215 1597 222 -—

309 338 565 404 Eodem
612 336 923 421 pertinet,
976 335 1146 419 quod
1195 357 1341 400 cum
1386 335 1731 400 inutilibus
1777 357 2153 402 aranearum
2200 337 2349 402 telis

311 443 716 528 comparavit
781 443 891 506 ille
956 441 1388 506 subtilitatem
1453 442 1992 528 philosophorum
2057 443 2349 530 syllogis-

310 552 441 616 mis
493 551 717 635 utique
773 548 1097 613 utentium
1151 571 1270 613 nec
1325 548 1815 632 probabilitatis
1870 554 1935 613 et
1990 550 2124 614 veri
2181 551 2350 615 simi-

309 657 610 722 litudinis
686 656 1003 721 rationem
1075 655 1574 719 admittentium.
1695 654 1818 720 Sed
1893 655 2065 741 quod
2137 656 2347 721 rheto-

313 764 502 828 ribus
567 768 823 847 praesto
892 766 1015 846 est,
1079 760 1145 825 id
1211 761 1406 826 etiam
1472 761 1863 847 philosopho
1920 766 2119 846 patet.
2208 761 2347 828 Nec

313 875 538 934 tamen
584 867 977 952 philosophi,
1025 872 1099 932 ut
1135 865 1250 951 illi,
1297 871 1540 932 temere
1585 869 1665 932 τὰ
1711 870 1932 934 εἰκότα
1977 867 2088 935 καὶ
2124 871 2203 934 τὰ
2241 869 2348 934 εὔ-

312 983 482 1058 λογα
528 975 857 1058 adhibent,
903 974 1014 1038 sed
1060 973 1258 1038 talem
1303 975 1932 1061 argumentationem
1970 975 2050 1040 iis
2089 975 2347 1060 quidem

312 1082 533 1165 boniS‚
590 1103 750 1165 quae
807 1071 1139 1166 ἀδιάφορα
1193 1086 1530 1164 vocantur,
1584 1082 1887 1166 afferunt,
1942 1081 2074 1146 vim
2130 1085 2347 1147 autem

311 1192 383 1251 et
435 1192 733 1252 naturam
787 1187 943 1252 iusti
999 1192 1064 1250 et
1119 1187 1299 1252 utilis
1355 1186 1715 1273 syllogismi
1769 1187 2150 1252 necessitate
2207 1210 2347 1271 per-

311 1293 478 1377 spici
527 1299 591 1357 et
638 1293 903 1358 iudicari
952 1298 1250 1377 oportere
1298 1293 1536 1358 sciunt:
1584 1293 1652 1358 in
1694 1316 1821 1378 quo
1860 1293 2346 1379 probabilitatis

309 1399 495 1463 locus
539 1399 755 1464 nullus
796 1404 891 1463 est
930 1399 1156 1487 (XV—
1169 1396 1400 1487 XVH).
1473 1399 1609 1465 Iam
1647 1400 1804 1465 duas
1841 1400 2347 1465 adversariorum

311 1507 827 1589 comparationes
882 1508 963 1570 ab
1022 1506 1159 1571 iure
1214 1507 1482 1572 iurando
1540 1511 1605 1571 et
1652 1507 1902 1572 retibus
1947 1508 2345 1590 thynnorum

310 1616 605 1697 sumptas
659 1614 900 1677 refutat
953 1613 1342 1697 tertiamque
1398 1614 1537 1697 ipse
1588 1613 1657 1677 in
1704 1614 1994 1678 rhetores
2039 1611 2231 1697 fingit
2279 1616 2344 1675 et

311 1719 723 1803 persequitur
770 1718 1039 1806 (XVHI,
1084 1717 1281 1806 XIX).

448 1823 743 1889 Eundem
789 1825 1089 1909 deinceps
1137 1825 1422 1890 eiusdem
1469 1825 1806 1910 scriptoris
1852 1824 2094 1888 librum
2141 1844 2342 1908 usque

311 1931 576 2007 excutit.
650 1931 772 2010 Qui
817 1931 910 1996 ita
957 1931 1236 1997 disserit:
1282 1932 1601 1998 rationem
1645 1932 2010 1998 habendam
2055 1931 2343 1996 iustitiae

312 2042 379 2101 et
417 2037 786 2123 iniustitiae,
825 2039 1079 2121 qualem
1105 2039 1337 2125 volgus
1372 2040 1596 2125 fingat,
1632 2039 1784 2103 licet
1823 2040 1904 2102 ab
1944 2037 2150 2122 ipsius
2189 2037 2344 2102 iusti

313 2148 381 2207 et
428 2143 650 2207 iniusti
686 2149 917 2208 natura
954 2145 1226 2228 recedat,
1272 2166 1405 2207 non
1444 2143 1700 2227 qualem
1736 2143 2166 2226 philosophus
2204 2166 2344 2207 cen—

311 2252 470 2332 seat,
521 2250 808 2334 quamvis
855 2272 1001 2313 cum
1045 2254 1277 2313 natura
1324 2252 1654 2334 congruat.
1744 2247 1942 2333 Volgi
1991 2248 2162 2313 enim
2208 2250 2342 2333 opi-

309 2354 538 2418 niones
599 2360 929 2440 tamquam
992 2377 1289 2419 nummos
1356 2354 1747 2420 circumferri
1805 2359 1868 2419 et
1924 2355 2162 2443 valere,
2226 2380 2343 2421 nec

310 2461 611 2545 prodesse
657 2462 928 2526 aliarum
973 2462 1427 2527 inventionem.
1521 2461 1626 2528 Sic
1673 2462 2101 2547 philosophos
2145 2486 2343 2528 novas

310 2568 465 2631 iusti
514 2573 578 2632 et
623 2567 849 2632 iniusti
894 2566 1192 2631 notiones
1237 2568 1341 2632 vel
1387 2592 1466 2633 ex
1512 2568 1655 2652 ipsa
1701 2591 1918 2634 rerum
1962 2573 2195 2633 natura
2235 2569 2342 2633 eli-

311 2674 553 2739 cientes
598 2697 805 2760 nugas
852 2697 1059 2760 agere.
1095 2713 1169 2721 —
1205 2674 1330 2739 Sed
1376 2697 1584 2759 neque
1623 2698 1659 2739 a
1695 2675 1873 2761 volgi
1922 2674 2342 2758 opinionibus

309 2781 635 2865 Epicurus
672 2781 951 2845 multum
990 2781 1204 2846 differt
1243 2782 1320 2845 de
1358 2781 1461 2846 via
1500 2804 1575 2846 ac
1611 2782 1860 2847 ratione
1898 2785 2172 2866 tantum,
2216 2804 2342 2865 qua

308 2904 642 2951 summum
667 2889 912 2952 bonum
951 2888 1245 2972 efficitur,
1293 2888 1692 2973 dissentienS,
1736 2894 1802 2953 et
1837 2888 2089 2973 politici
2127 2911 2341 2953 rerum

307 2998 376 3057 et
421 2998 787 3077 temporum
832 2994 1212 3059 necessitate
1260 2994 1436 3059 ducti
1485 3018 1563 3060 ex
1610 3018 1724 3060 sua
1760 2995 2048 3078 libidine,
2094 3017 2224 3059 non
2261 2994 2341 3057 ad

306 3121 599 3163 normam
630 3101 961 3187 volgarem
995 3101 1328 3166 notionem
1356 3101 1510 3166 iusti
1540 3104 1945 3167 conformant
1974 3106 2038 3165 et
2067 3102 2339 3184 fingunt.

308 3205 747 3290 Philosophus
802 3213 1019 3272 autem
1073 3230 1204 3272 non
1250 3207 1459 3271 solum
1506 3208 1901 3294 cogitatione
1946 3207 2077 3271 vim
2124 3210 2189 3268 et
2234 3228 2341 3269 na-

308 3317 523 3376 turam
568 3313 830 3379 virtutis
875 3314 1136 3398 penitus
1183 3313 1515 3398 perspicit,
1562 3314 1674 3377 sed
1711 3312 1905 3376 etiam
1944 3312 2012 3377 in
2050 3311 2340 3396 qualibet

308 3417 568 3484 civitate
616 3421 963 3505 tranquille
1009 3421 1221 3486 vivere
1269 3423 1489 3504 potest
1535 3417 2001 3506 (XX—XXV).

442 3524 534 3589 Ut
582 3532 799 3591 autem
845 3527 1164 3592 rhetorica
1210 3527 1413 3591 vitam
1460 3525 1718 3589 beatam
1764 3525 2023 3592 reddere
2061 3549 2193 3592 non
2230 3547 2343 3609 po-

2330 3633 2395 3669 f
