2650 3903
1098 206 1179 212 —
1272 178 1450 232 XLIII
1544 206 1625 213 -—

340 330 593 395 Eodem
639 328 951 413 pertinet,
1004 326 1175 411 quod
1223 348 1369 391 cum
1414 326 1759 391 inutilibus
1805 348 2182 392 aranearum
2228 328 2377 393 telis

341 435 745 520 comparavit
809 434 919 498 ille
984 433 1418 498 subtilitatem
1482 433 2020 518 philosophorum
2085 435 2377 521 syllogis-

342 544 469 607 mis
520 543 745 627 utique
801 539 1125 604 utentium
1178 562 1297 605 nec
1354 540 1842 623 probabilitatis
1898 544 1964 604 et
2019 540 2154 605 veri
2209 541 2379 605 simi-

341 648 637 713 litudinis
713 647 1031 712 rationem
1103 646 1602 711 admittentium.
1723 645 1847 711 Sed
1921 646 2093 731 quod
2166 647 2377 711 rheto-

343 755 529 819 ribus
593 757 851 838 praesto
920 757 1043 837 est,
1107 752 1173 817 id
1239 752 1436 817 etiam
1500 752 1892 836 philosopho
1949 757 2147 837 patet.
2237 752 2376 819 Nec

344 865 565 925 tamen
611 859 1005 944 philosophi,
1053 864 1127 923 ut
1163 856 1279 943 illi,
1327 863 1568 923 temere
1614 860 1694 923 τὰ
1740 861 1960 924 εἰκότα
2007 857 2232 925 καὶτὰ
2270 859 2377 925 εὔ-

343 973 509 1049 λογα
556 966 885 1049 adhibent,
931 965 1042 1030 sed
1088 965 1285 1030 talem
1332 965 1962 1052 argumentationem
2000 965 2079 1030 iis
2118 965 2376 1050 quidem

343 1073 561 1156 boniS,
617 1095 779 1157 quae
835 1063 1168 1158 ἀδιάφορα
1222 1077 1559 1157 vocantur,
1614 1074 1916 1157 afferunt,
1971 1072 2104 1136 vim
2159 1076 2376 1137 autem

341 1184 411 1243 et
463 1182 761 1243 naturam
817 1179 971 1243 iusti
1028 1182 1092 1242 et
1148 1179 1328 1243 utilis
1384 1178 1744 1264 syllogismi
1799 1178 2179 1243 necessitate
2236 1201 2376 1262 per-

341 1284 506 1368 spici
555 1290 618 1348 et
665 1285 932 1349 iudicari
981 1289 1279 1368 oportere
1328 1284 1565 1349 sciunt:
1613 1284 1681 1348 in
1724 1306 1850 1369 quo
1888 1284 2375 1370 probabilitatis

338 1391 523 1455 locus
567 1391 782 1455 nullus
825 1395 921 1455 est
959 1390 1185 1478 (XV—
1198 1387 1429 1478 XVH).
1502 1390 1638 1455 Iam
1675 1390 1832 1456 duas
1870 1391 2375 1456 adversariorum

340 1497 855 1581 comparationes
910 1499 992 1561 ab
1051 1498 1187 1561 iure
1243 1497 1511 1562 iurando
1569 1502 1634 1562 et
1680 1498 1930 1563 retibus
1975 1498 2374 1581 thynnorum

338 1607 633 1687 sumptas
688 1605 929 1668 refutat
983 1604 1370 1688 tertiamque
1426 1605 1566 1689 ipse
1617 1604 1686 1667 in
1732 1605 2023 1668 rhetores
2068 1602 2259 1688 fingit
2309 1606 2373 1666 et

339 1710 752 1795 persequitur
799 1709 1068 1798 (XVHI,
1113 1707 1310 1795 XIX).

476 1815 770 1881 Eundem
818 1817 1119 1900 deinceps
1167 1815 1450 1881 eiusdem
1499 1815 1834 1900 scriptoris
1880 1815 2123 1880 librum
2171 1836 2371 1899 usque

338 1922 604 1998 excutit.
678 1923 800 2001 Qui
846 1923 939 1988 ita
986 1923 1265 1988 disserit:
1311 1923 1630 1988 rationem
1674 1923 2038 1989 habendam
2085 1921 2373 1987 iustitiae

339 2034 406 2093 et
443 2029 814 2115 iniustitiae,
853 2030 1107 2114 qualem
1135 2029 1366 2115 volgus
1402 2032 1625 2116 fingat,
1661 2030 1814 2095 licet
1852 2032 1934 2094 ab
1974 2029 2180 2112 ipsius
2218 2028 2374 2092 iusti

340 2140 409 2199 et
455 2135 679 2199 iniusti
715 2141 945 2200 natura
983 2136 1255 2219 recedat,
1301 2158 1432 2199 non
1474 2134 1729 2219 qualem
1766 2135 2195 2218 philosophus
2233 2156 2373 2197 cen—

338 2245 495 2325 seat,
548 2242 837 2326 quamvis
884 2264 1029 2306 cum
1074 2245 1305 2305 natura
1354 2243 1682 2325 congruat.
1775 2239 1972 2325 Volgi
2020 2239 2191 2303 enim
2237 2240 2372 2323 opi-

335 2346 564 2411 niones
627 2352 958 2432 tamquam
1020 2369 1318 2412 nummos
1385 2346 1776 2411 circumferri
1835 2349 1898 2410 et
1953 2346 2191 2433 valere,
2254 2369 2373 2412 nec

337 2454 641 2537 prodesse
688 2454 957 2518 aliarum
1003 2454 1456 2519 inventionem.
1551 2452 1657 2519 Sic
1702 2453 2129 2538 philosophos
2174 2476 2372 2518 novas

338 2560 493 2623 iusti
543 2564 607 2624 et
653 2559 878 2623 iniusti
923 2559 1221 2623 notiones
1266 2560 1369 2624 vel
1417 2583 1494 2624 ex
1542 2559 1684 2644 ipsa
1731 2582 1945 2624 rerum
1990 2563 2223 2624 natura
2263 2559 2371 2623 eli-

337 2666 582 2731 cientes
628 2688 835 2752 nugas
881 2688 1088 2752 agere.
1125 2705 1199 2713 —
1234 2666 1359 2731 Sed
1403 2689 1613 2751 neque
1652 2689 1689 2731 a
1724 2666 1902 2752 volgi
1951 2664 2371 2749 opinionibus

337 2772 665 2856 Epicurus
702 2772 981 2837 multum
1019 2773 1234 2838 differt
1272 2774 1350 2837 de
1388 2773 1491 2837 via
1529 2795 1604 2837 ac
1640 2773 1889 2838 ratione
1928 2775 2200 2857 tantum,
2245 2794 2371 2856 qua

329 2895 672 2943 summum
698 2880 943 2943 bonum
980 2879 1274 2963 efficitur,
1322 2880 1721 2966 dissentienS,
1765 2885 1830 2945 et
1867 2879 2119 2963 politici
2157 2902 2371 2945 rerum

334 2989 405 3048 et
451 2988 817 3068 temporum
862 2985 1241 3050 necessitate
1289 2986 1465 3051 ducti
1514 3009 1591 3050 ex
1639 3009 1753 3051 sua
1789 2986 2077 3069 libidine,
2123 3008 2252 3049 non
2291 2986 2372 3050 ad

334 3113 630 3154 normam
661 3092 989 3178 volgarem
1024 3092 1357 3157 notionem
1385 3093 1540 3158 iusti
1570 3096 1973 3159 conformant
2003 3096 2067 3156 et
2096 3093 2369 3176 fingunt.

335 3197 777 3281 Philosophus
832 3203 1048 3263 autem
1102 3221 1234 3263 non
1280 3199 1488 3263 solum
1535 3200 1929 3285 cogitatione
1975 3198 2106 3262 vim
2154 3202 2218 3260 et
2263 3220 2370 3262 na-

336 3308 553 3367 turam
599 3303 859 3369 virtutis
905 3306 1165 3389 penitus
1212 3306 1544 3389 perspicit,
1591 3306 1703 3369 sed
1740 3305 1935 3369 etiam
1971 3305 2040 3369 in
2080 3303 2370 3388 qualibet

337 3410 599 3475 civitate
646 3412 992 3497 tranquille
1038 3413 1250 3476 vivere
1298 3416 1517 3496 potest
1563 3408 2030 3497 (XX—XXV).

471 3516 563 3582 Ut
612 3523 828 3582 autem
875 3518 1194 3583 rhetorica
1239 3518 1442 3582 vitam
1489 3519 1747 3581 beatam
1793 3516 2052 3582 reddere
2090 3540 2220 3582 non
2259 3538 2372 3602 po-

2416 3597 2479 3632 1⁴1-
