2650 3903
1056 202 1516 256 —XV—

622 379 721 433 De
768 378 1122 433 rhetoricis
1166 377 1551 435 Philodemi
1598 379 1936 448 operibm.

398 512 538 576 Iam
584 514 931 594 antequam
976 511 1098 574 hoc
1135 532 1444 595 magnum
1483 511 1559 575 de
1598 510 1919 575 rhetorica
1957 531 2121 593 opus
2161 532 2302 574 con-

266 618 599 701 scriberet,
645 616 984 681 minimum
1031 620 1181 701 treS,
1228 616 1340 699 qui
1387 617 1468 679 ad
1512 616 1635 680 hoc
1673 620 2126 702 argumentum
2165 639 2303 700 per-

266 725 576 807 tinerent,
647 723 852 787 libros
913 722 1332 787 Philodemus
1398 723 1697 788 ediderat.
1807 722 2102 807 Scriptus
2167 728 2304 788 erat

265 831 436 894 liber
480 827 631 915 περὶ
680 828 928 907 λέξεως.
1006 828 1097 893 Cf.
1137 852 1200 912 p.
1233 830 1380 913 156,
1423 832 1506 894 10
1526 852 1663 916 sqq.
1711 830 2012 916 καθάπερ
2055 828 2129 894 ἐν
2167 841 2305 906 τοῖς

266 936 417 1025 περὶ
438 936 676 1015 λέξεως
694 935 1104 1020 ἀποδίδομεν
1126 934 1598 1021 ἐξεργαστικῶς
1619 936 1731 1024 (sc.
1751 934 1902 1022 περὶ
1922 933 2271 1022 ἀσαφείας)
2288 955 2303 971 ·

265 1045 470 1109 ταύτὰ
518 1040 593 1107 δὲ
638 1041 748 1108 καὶ
794 1051 923 1107 νῦν
968 1045 1442 1127 κεφαλαιωδῶς
1487 1043 1979 1129 ὑπομνήσομεν.
2053 1042 2302 1106 Eodem

266 1149 595 1234 pertinere
633 1154 813 1234 put0‚
860 1150 1034 1233 quod
1073 1173 1134 1233 p.
1168 1151 1295 1215 160
1336 1150 1516 1214 dicit:
1564 1151 1678 1227 τὰς
1715 1151 1918 1225 ἄλλας
1956 1150 2303 1233 διαφοράς,

275 1251 371 1321 ὧν
429 1257 698 1323 ἔκθεσιν
755 1254 829 1320 ἐν
885 1266 1023 1333 τοῖς
1067 1254 1218 1340 περὶ
1265 1258 1523 1321 τούτων
1568 1257 1947 1340 ποιούμεθα
1994 1259 2235 1338 λόγοις.
2251 1253 2302 1340 1)

264 1362 500 1427 Editus
563 1366 700 1426 erat
762 1359 912 1446 περὶ
970 1359 1247 1427 ἐπαίνου
1305 1361 1489 1425 liber.
1581 1360 1675 1427 Of.
1738 1386 1799 1445 p.
1853 1363 2009 1445 219,
2057 1362 2145 1426 20
2166 1383 2302 1443 sqq.

314 1519 328 1534 .
361 1519 375 1534 .
422 1467 534 1534 καὶ
579 1464 786 1534 πάνθ’
833 1468 1023 1550 ὅλως,
1070 1469 1233 1553 ἅπερ
1272 1467 1461 1552 ἡμεῖς
1496 1466 1867 1552 ἀναγκαίαν
1905 1470 2141 1553 ἔχοντα
2178 1469 2305 1552 χώ-

267 1600 395 1661 ραν
433 1577 598 1660 πρὸς
634 1577 790 1651 τοὺς
828 1575 1277 1660 ὀνησιφόρους
1312 1574 1568 1659 ὕμνους
1605 1562 1679 1640 ἔν
1716 1582 1806 1663 τῷ
1845 1572 1997 1660 περὶ
2026 1573 2303 1638 ἐπαίνου

267 1685 444 1770 λόγῳ
494 1679 985 1766 διαστέλλομεν.
1075 1680 1173 1744 De
1222 1680 1404 1743 cuius
1451 1683 1832 1765 argumento
1880 1679 2190 1744 nonnulla
2237 1680 2306 1743 in

161 1795 179 1878 ζ
265 1788 796 1853 antecedentibus
845 1787 1154 1872 disputat,
1201 1786 1441 1870 quibus
1488 1786 1673 1851 illum
1713 1784 2011 1849 libellum
2049 1786 2130 1849 ad
2166 1786 2305 1850 rhe-

264 1895 536 1960 toricam
594 1894 983 1978 pertinuisse
1039 1897 1330 1979 apparet.
1423 1891 1592 1958 Illud
1648 1892 1923 1977 denique
1978 1891 2129 1979 περὶ
2186 1892 2302 1979 ρη-

172 2016 179 2029 *
266 2009 537 2084 τορικῆς
565 2000 1110 2083 ὑπομνηματικὸν
1150 2004 1215 2064 et
1251 2023 1480 2084 reapse
1510 2005 1658 2064 ante
1686 2000 2075 2065 rhetoricam
2105 2000 2302 2082 scrip-

267 2111 410 2170 tum
461 2125 599 2167 esse
647 2109 1145 2167 consentaneum
1196 2109 1294 2168 est
1333 2109 1416 2187 et,
1462 2104 1530 2166 ni
1568 2105 1776 2186 fallor,
1821 2127 1883 2185 p.
1915 2107 2018 2187 90,
2057 2106 2143 2167 30
2168 2126 2306 2186 sqq.

264 2212 605 2276 indicatur.
682 2208 885 2284 Quem
931 2209 1146 2272 locum
1192 2208 1460 2293 cognitu
1500 2207 1949 2292 dignissimum
1988 2208 2079 2272 sic
2116 2197 2320 2273 inter-⁸

264 2322 515 2403 pretor:
563 2314 964 2380 adversarius
1011 2315 1224 2380 nescio
1274 2314 1420 2399 quis
1459 2314 1681 2379 multis
1719 2315 2045 2399 capitibus
2084 2320 2308 2380 contra

263 2422 717 2489 Philodemum
774 2421 1129 2506 disputavit
1184 2421 1536 2506 respiciens
1594 2444 1692 2506 ea,
1752 2445 1915 2506 quae
1971 2423 2081 2487 ille
2139 2446 2304 2487 com-

266 2529 600 2594 mentariis
639 2528 708 2592 in
737 2551 923 2593 suum
952 2551 1026 2593 ac
1055 2528 1522 2613 discipulorum
1550 2529 1771 2613 potius
1801 2551 1994 2614 quam
2023 2529 2305 2593 alienum

258 2658 455 2701 usum
494 2636 871 2720 compositis
910 2643 1314 2719 exposuerat.
1383 2636 1560 2700 Haec
1599 2641 1827 2720 utpote
1867 2635 2116 2720 publici
2146 2635 2304 2698 iuris

263 2765 398 2807 non
442 2742 612 2806 facta
658 2742 757 2806 fas
801 2765 933 2807 non
980 2742 1178 2807 fuisse
1228 2743 1384 2807 dicit
1431 2744 1514 2807 ab
1558 2766 1631 2807 eo
1671 2741 2057 2828 impugnari.
2134 2740 2305 2817 Quot

266 2853 486 2913 autem
533 2848 739 2911 libros
785 2848 898 2912 illa
942 2849 1452 2935 ὑπομνηματικὰ
1500 2848 1952 2931 continuerint,
1999 2847 2147 2912 sciri
2195 2846 2304 2909 vix

266 2958 512 3038 potest3
560 2953 923 3038 complures
970 2955 1168 3019 fuisse
1215 2956 1351 3019 veri
1400 2955 1610 3019 simile
1659 2959 1772 3018 est.
1858 2953 2060 3018 Credo
2110 2953 2304 3016 etiam

266 3082 591 3145 papyrum
630 3063 760 3127 832
791 3094 874 3115 =
904 3061 1054 3126 VH²
1091 3061 1200 3126 fol.
1230 3063 1494 3126 44—67
1536 3059 1688 3124 illuc
1726 3059 2111 3124 reiciendam
2151 3078 2306 3138 esse,

268 3167 343 3230 de
393 3188 521 3250 qua
567 3167 636 3230 in
682 3172 859 3233 tomo
909 3168 1186 3233 secundo
1236 3168 1503 3250 dicetur,
1551 3166 1663 3250 qui
1711 3166 1872 3229 illud
1917 3166 2308 3245 ὑπομνημα-

270 3276 477 3355 τικόν,
524 3295 848 3358 papyrum
898 3276 1045 3357 832,
1091 3275 1454 3360 fragmenta
1501 3271 1877 3336 continebit.

419 3469 470 3534 1)
509 3465 592 3518 De
632 3465 951 3521 elocutione
990 3482 1049 3520 se
1089 3470 1346 3522 acturum
1382 3479 1565 3533 porr0,
1607 3460 1656 3513 si
1685 3458 1863 3514 otium
1891 3457 2075 3528 fuerit,
2113 3476 2167 3527 p.
2200 3463 2302 3511 325

272 3553 557 3616 promittit
590 3554 651 3607 in
687 3554 797 3608 fine
837 3552 991 3608 illius
1030 3553 1180 3609 libri.
