2650 3903
1042 196 1124 203 —-
1218 166 1427 220 xxxv
1522 194 1603 201 —

303 317 489 383 αὐτοὶ
543 327 924 399 ποιοῦνται,
977 314 1085 379 καὶ
1142 316 1255 392 τὰς
1299 325 1433 379 τῶν
1480 318 1700 398 λόγων
1748 313 2116 399 διαθέσεις,
2175 317 2337 381 οἴων

301 421 490 489 αὐτοὶ
526 422 905 507 γράφουσίν
932 443 1000 485 τε
1037 418 1146 485 καὶ
1185 420 1660 504 σχεδιάζουσιν.
1726 419 2127 505 Quamquam
2165 421 2338 485 enim

298 552 432 594 non
486 527 766 591 multum
820 526 1019 589 habet
1074 524 1363 589 methodi
1377 523 1454 611 1),
1518 529 1738 589 tamen
1793 547 1867 590 ea
1921 547 2055 589 non
2109 528 2339 591 orbata

301 641 418 699 est.
493 633 714 698 Habet
761 632 932 696 enim
980 630 1415 715 ἐπιτεύγματα
1462 652 1578 695 sua
1620 629 1800 717 (124,
1840 629 1930 717 7),
1976 635 2339 709 καθολικὰς

300 742 701 827 παραδόσεις
721 736 912 826 (126)
933 736 1110 802 velut
1141 737 1216 801 de
1239 737 1736 821 prooemiorum,
1754 737 2197 802 narrationum
2218 742 2338 802 etc.

301 847 577 931 ratione,
639 845 832 911 κοινά
894 868 1045 909 τινα
1109 842 1219 909 καὶ
1275 851 1566 928 στοιχεῖα
1622 842 1728 908 ἐπὶ
1783 846 1862 908 τὰ
1917 845 2081 908 κατὰ
2138 843 2338 931 μέρος

301 955 614 1036 διήκοντα
669 950 857 1039 (127,
918 952 1070 1035 128,
1118 947 1249 1035 1)‘-')
1308 970 1599 1034 quaeque
1655 953 1990 1032 praeterea
2044 955 2195 1014 sunt
2254 973 2334 1014 ex

298 1057 661 1122 Philodemi
727 1056 1046 1121 sententia
1110 1055 1295 1142 signa
1353 1056 1527 1120 artis.
1619 1053 1846 1139 Itaque
1904 1056 2014 1139 qui
2071 1056 2336 1142 ingenio

299 1163 475 1227 felici
532 1167 596 1226 et
651 1164 816 1226 bene
870 1166 1231 1245 temperato
1288 1161 1517 1226 enixus
1573 1161 2019 1247 technologias
2074 1162 2339 1245 penitus

300 1268 667 1357 perceperit
714 1267 1015 1331 adiuncta
1061 1266 1522 1331 exercitatione
1569 1266 1662 1350 id,
1709 1267 1880 1351 quod
1925 1268 2339 1351 propositum

302 1379 417 1460 est,
452 1397 584 1440 non
621 1374 836 1439 minus
876 1395 1069 1458 quam
1106 1373 1175 1437 in
1212 1373 1359 1436 aliis
1388 1372 1639 1436 artibus
1671 1377 2099 1458 consequetur
2127 1373 2336 1460 (129).

300 1482 647 1565 Perperam
697 1504 848 1545 vero
898 1502 1039 1545 eam
1084 1484 1289 1545 artem
1338 1501 1475 1544 esse
1523 1480 1936 1544 contionandi
1986 1499 2337 1563 causasque

304 1588 551 1653 dicendi
618 1588 1028 1653 contenditur
1089 1584 1295 1673 (132).
1398 1585 1700 1670 Quaeque
1758 1586 1828 1649 in
1883 1584 2121 1649 scholis
2178 1584 2339 1648 eius·

301 1695 473 1759 modi
521 1695 844 1760 orationes
890 1694 1242 1777 habentur,
1287 1715 1488 1757 vanae
1536 1691 1934 1755 imitationes
1981 1695 2151 1772 sunt,
2199 1691 2333 1774 qui-

300 1802 423 1866 bus
471 1823 625 1866 usus
673 1805 738 1865 et
785 1800 1020 1885 peritia
1057 1799 1201 1881 fori,
1247 1798 1488 1881 iudicii,
1533 1797 1937 1883 legationum
1975 1795 2336 1861 adfectatur

300 1907 510 1992 magis
557 1928 750 1989 quam
795 1905 1156 1990 percipitur
1201 1909 1314 1970 aut
1362 1903 1655 1970 traditur.
1730 1901 1957 1988 Itaque
1994 1902 2332 1967 abicienda

301 2013 444 2078 ista.
536 2011 764 2095 Neque
830 2013 1001 2076 enim
1057 2012 1113 2075 si
1168 2034 1271 2075 ars
1330 2014 1453 2094 est,
1518 2010 1661 2074 ideo
1720 2032 1823 2073 ars
1879 2014 1976 2074 est
2032 2009 2338 2093 politicae

305 2120 517 2203 (134).

436 2224 751 2301 Quartum
800 2226 936 2287 erat
985 2224 1182 2304 caput
1227 2218 1379 2306 περὶ
1423 2228 1541 2283 τοῦ
1578 2220 1700 2302 τὴν
1737 2218 2227 2302 εὐδοκιμοῦσαν
2263 2218 2338 2286 ἐν

302 2335 539 2416 δήμοις
583 2329 695 2395 καὶ
742 2331 1189 2414 δικαστηρίοις
1234 2327 1525 2409 δύναμιν
1573 2325 1693 2411 οὐχ
1740 2321 1854 2389 ὑπ’
1906 2326 2110 2409 ἄλλης
2153 2348 2337 2413 περι-

301 2442 610 2521 γίνεσθαι
656 2447 793 2513 τοῖς
838 2436 1020 2512 ὅλοις
1055 2432 1415 2517 ἐπιστήμης
1456 2433 1600 2516 136,
1629 2433 1956 2516 ,ao—137,
1985 2435 2089 2497 27.
2125 2432 2338 2508 ,Quod

302 2545 459 2609 satis
524 2542 806 2626 simplici
870 2539 1364 2606 ratiocinatione
1431 2539 1909 2603 demonstratur
1964 2538 2081 2602 sic:
2145 2560 2337 2601 nemo

301 2654 558 2734 praeter
618 2648 1039 2714 scholasticos
1098 2647 1262 2711 hanc
1320 2648 1526 2709 artem
1582 2644 1951 2727 profitetur:
2017 2642 2198 2725 atqui
2255 2643 2338 2704 ad

301 2756 637 2840 politicam
665 2754 1042 2820 facultatem
1071 2750 1534 2837 assequendam
1562 2749 1728 2814 nihil
1755 2749 2056 2813 videntur
2083 2747 2338 2811 afferre:

299 2862 520 2944 itaque
559 2862 668 2946 qui
707 2884 847 2925 eam
883 2861 1186 2943 habeant,
1222 2859 1343 2922 hos
1383 2877 1509 2941 quo
1548 2856 1738 2919 modo
1778 2876 2027 2938 cunque
2066 2853 2339 2937 adeptos

304 2989 446 3031 eam
493 2967 628 3031 sine
677 2967 967 3031 doctrina
1012 2964 1296 3029 nancisci
1346 2961 1626 3027 efficitur
1672 2958 1763 3046 (p.
1809 2958 1981 3046 137).

447 3250 499 3315 1)
538 3249 602 3301 ut
636 3245 865 3316 poetica
902 3245 961 3300 et
995 3243 1227 3299 musica.

448 3338 505 3405 2)
542 3335 694 3403 quod
729 3333 996 3389 Isocratis
1036 3333 1291 3402 exemplo
1332 3326 1707 3386 demonstrari
1741 3324 1979 3379 videtur.

1838 3588 1905 3638 C*
