2650 3903
1175 204 1632 256 —XX-

391 375 665 438 quorum
712 352 837 416 alia
883 351 1226 436 perspicua
1273 356 1452 435 sunt,
1508 351 1632 416 alia
1680 372 1805 436 quo
1854 352 2247 438 pertineant,
2294 376 2426 417 non

394 463 684 544 apparet.
776 457 1121 523 Manifesto
1178 458 1299 522 sub
1353 458 1548 522 finem
1593 458 1748 522 libri
1794 459 1989 544 primi
2036 457 2128 545 (p.
2171 461 2273 542 12,
2314 457 2427 543 18)

393 588 467 630 ea
513 588 664 649 pars
709 564 863 628 libri
912 564 1176 629 alterius
1224 563 1637 647 describitur,
1690 585 1816 648 qua
1860 565 2148 650 Epicuri,
2192 564 2426 630 Metro·

394 672 551 756 dori,
596 668 978 736 Hermarchi
1025 669 1398 735 testimonia
1445 670 1801 734 afferuntur
1849 703 1933 724 =
1982 696 2044 756 p.
2085 673 2188 756 69,
2226 674 2267 737 2
2289 693 2425 754 sqq.

393 778 580 854 Quod
615 781 832 842 autem
871 776 1118 860 profert
1156 799 1218 859 p.
1253 778 1354 859 12,
1384 776 1601 840 9-18
1631 787 1775 852 τοῖς
1804 774 1864 840 δ’
1899 775 2241 861 ἡμετέροις
2269 781 2429 859 κτλ.,

393 888 617 969 aperte
693 882 977 967 pertinet
1050 883 1132 947 ad
1198 881 1446 946 Bromii
1511 881 1842 945 cuiusdam
1906 880 2213 965 Epicurei
2278 880 2429 967 περὶ

395 1001 646 1077 τεχνῶν
693 989 1093 1072 aliorumque
1132 987 1603 1071 Epicureorum
1647 987 1869 1052 libros.
1942 987 2036 1053 Ut
2073 991 2291 1051 autem
2327 988 2431 1052 his

396 1096 556 1162 locis
605 1095 880 1161 secunda
928 1117 1078 1179 pars
1124 1094 1279 1159 libri
1328 1093 1592 1158 alterius
1639 1092 2004 1180 attingitur,
2050 1093 2143 1159 sic
2190 1118 2252 1178 p.
2296 1097 2352 1176 1,
2394 1097 2425 1157 1

397 1208 462 1266 et
510 1227 571 1286 p.
615 1204 716 1286 11,
753 1205 951 1285 3sqq.
1000 1201 1068 1264 in
1115 1201 1393 1285 primam
1441 1199 1725 1265 eiusdem
1771 1200 1926 1264 libri
1965 1205 2219 1284 partem
2255 1200 2432 1265 reici-

397 1330 559 1392 mur,
607 1330 753 1372 cum
800 1308 993 1372 dicat:
1040 1310 1206 1393 πρὸς
1250 1309 1367 1384 τὰς
1411 1308 1575 1372 κατὰ
1622 1305 1820 1394 μέρος
1857 1310 2075 1390 λόγων
2125 1305 2289 1392 (scil.
2329 1305 2432 1368 ad-

397 1412 852 1500 versariorum)
902 1414 1226 1490 διακοπὰς
1271 1413 1911 1497 ἐπιμνησθησόμεθα
1960 1415 2023 1475 et
2071 1410 2185 1475 ἐπί
2213 1434 2282 1477 τε
2320 1419 2436 1494 τῆς

402 1525 722 1606 διακοπῆς
775 1531 910 1586 τῶν
955 1519 1118 1583 κατὰ
1166 1516 1365 1603 μέρος
1410 1520 1631 1600 λόγων
1679 1519 1824 1581 ἔνια
1870 1526 2005 1581 τῶν
2050 1526 2179 1583 νῦν
2225 1540 2434 1602 παρα-

402 1628 845 1712 λελειμμένων
903 1625 1336 1708 ἐπισημασίας
1392 1622 1850 1707 ἀξιωθήσεται.
1945 1621 2036 1687 Cf.
2085 1646 2146 1706 p.
2187 1625 2300 1707 31,
2348 1625 2432 1687 33

402 1738 588 1822 χρεία
624 1735 790 1820 πρὸς
827 1731 1030 1809 αὐτάς
1065 1728 1124 1813 γ’
1165 1728 1421 1795 ἐπιέναι
1457 1730 1572 1806 τὰς
1606 1739 1742 1793 τῶν
1778 1729 1942 1793 κατὰ
1979 1726 2178 1815 μέρος
2215 1731 2435 1811 λόγων

404 1840 739 1917 διακοποὲς.
774 1876 850 1887 -
883 1837 976 1904 Ut
1023 1841 1240 1902 autem
1286 1837 1355 1901 in
1392 1837 1518 1901 fine
1556 1835 1711 1900 libri
1750 1835 1946 1919 primi
1983 1839 2436 1920 argumentum

407 1945 666 2012 secundi
729 1942 1143 2029 proponitur,
1207 1943 1299 2010 sic
1357 1944 1426 2009 in
1479 1943 1605 2008 fine
1662 1941 1928 2009 alterius
1984 1945 2438 2030 argumentum

402 2053 580 2120 tertii
625 2052 781 2117 libri
829 2051 1187 2117 delineatur
1232 2074 1294 2137 p.
1341 2053 1485 2135 135,
1520 2052 1627 2135 40,
1673 2050 1749 2114 de
1798 2071 1924 2134 quo
1973 2049 2196 2115 statim
2241 2048 2439 2112 verba

404 2161 695 2227 facienda
751 2164 903 2225 sunt
949 2160 1171 2225 fusius.
1264 2158 1404 2226 Nec
1450 2158 1638 2223 aliter
1684 2180 1745 2241 p.
1794 2160 1952 2241 223,
2003 2156 2351 2237 19-224,
2397 2155 2440 2216 4

405 2271 859 2349 argumentum
903 2266 1057 2330 libri
1106 2267 1317 2349 quinti
1365 2264 1734 2330 adumbrari
1782 2263 2037 2348 credidi,
2084 2284 2230 2327 cum
2278 2281 2439 2343 quae

407 2372 764 2451 sequuntur
804 2368 879 2429 de
910 2367 1150 2451 Gorgia
1178 2369 1470 2432 Platonis
1501 2393 1561 2450 p.
1593 2370 1743 2448 224,
1772 2370 1814 2432 5
1835 2391 1972 2451 sqq.
2012 2369 2093 2430 ad
2130 2390 2280 2450 pap.
2310 2368 2436 2432 221

409 2471 733 2556 pertinere
770 2470 1116 2534 verisimile
1156 2469 1241 2532 sit
1272 2469 1558 2534 =VHI²
1596 2470 1703 2533 fol.
1740 2472 2105 2535 134—137.
2167 2470 2442 2554 Reliqua

409 2576 615 2640 adhuc
662 2575 730 2639 in
777 2574 974 2638 dubio
1022 2573 1384 2655 relinquere
1432 2573 1648 2655 malui,
1696 2572 1836 2636 dico
1884 2596 1946 2656 p.
1987 2575 2091 2656 67,
2133 2575 2245 2657 243
2293 2578 2440 2659 211,

412 2685 526 2766 2ο,
573 2684 731 2766 212,
777 2683 845 2763 43
892 2681 1050 2762 214,
1097 2680 1209 2761 203
1256 2680 1413 2760 222,
1462 2681 1656 2760 sssqq.

960 2916 1059 2970 De
1106 2917 1512 2982 argumento
1557 2913 1715 2970 libri
1759 2912 1813 2970 1.
1831 2902 1880 2989 ¹)

548 3044 1061 3111 Consentaneum
1108 3047 1205 3108 est
1242 3042 1693 3108 Philodemum
1740 3043 1816 3107 de
1862 3048 2092 3111 natura
2137 3071 2210 3112 ac
2249 3052 2442 3132 parti·

414 3155 538 3219 bus
592 3150 947 3217 rhetoricae
1000 3149 1481 3233 disputaturum
1529 3149 1605 3211 de
1653 3149 2053 3234 singularum
2099 3154 2335 3217 artium
2380 3156 2442 3218 vi

560 3364 612 3429 1)
651 3359 984 3416 Accuratius
1023 3360 1083 3412 et
1118 3372 1297 3427 paene
1337 3355 1411 3409 ad
1447 3356 1676 3410 verbum
1715 3354 1818 3409 has
1846 3372 2055 3424 paucas
2085 3358 2319 3425 pagiuas
2351 3376 2441 3414 ex-

415 3447 623 3519 pressi,
668 3451 734 3502 ut
778 3448 876 3516 qui
921 3446 1102 3519 primo
1149 3445 1355 3499 librum
1393 3442 1701 3510 evolveret,
1749 3458 1860 3509 quo
1897 3441 2171 3498 niteretur
2207 3444 2440 3503 haberet

414 3553 553 3593 neve
593 3535 866 3591 sermonis
905 3534 1241 3590 difficultate
1283 3548 1317 3586 a
1353 3531 1547 3588 limine
1588 3528 1979 3600 depelleretur.
