2650 3903
1079 208 1153 216 —
1251 179 1435 234 XXIV
1527 208 1610 215 —

554 330 616 391 b.
666 337 800 391 τῶν
838 322 1022 412 ’ὑπὲρ
1078 335 1197 391 τοῦ
1253 324 1494 412 τέχνην
1549 327 1760 410 αὐτὴν
1814 322 1986 392 εἶναι
2031 348 2361 416 προφερο-

661 430 883 517 μένων
929 430 1022 519 (Ρ.
1063 434 1167 518 29,
1210 434 1491 519 14-46,
1534 430 1664 519 16).

456 542 514 604 2.
562 542 728 627 πρὸς
768 536 1261 624 Ἐπικουρείους

567 668 619 709 a.
666 648 823 722 τοὺς
868 643 1186 730 λέγοντας
1231 649 1354 730 τὴν
1404 646 1837 732 ῥητορικὴν
1882 656 2004 714 τοῦ
2042 645 2162 733 μὲν
2199 650 2356 735 γρά-

659 775 813 837 φειν
870 755 1112 837 λόγους
1165 750 1278 817 καὶ
1335 751 1680 831 ἐπιδείξεις
1734 762 2074 820 ποιεῖσθαι
2119 755 2359 842 τέχνην

664 853 856 943 εἶναι,
904 868 1025 925 τοῦ
1073 856 1146 925 δὲ
1194 860 1382 937 δίκας
1426 857 1645 942 λέγειν
1683 859 1793 925 καὶ
1832 863 2235 946 δημηγορεῖν
2276 862 2358 926 οὐ

664 962 905 1051 τέχνην
952 989 1014 1049 p.
1052 966 1158 1050 47,
1201 967 1279 1030 17
1305 987 1442 1049 sqq.

550 1070 615 1135 b.
660 1073 827 1156 πρὸς
880 1075 1036 1149 τοὺς
1091 1069 1404 1156 λέγοντας
1458 1071 1668 1156 αὐτὴν
1723 1070 1984 1158 τέχνην,
2038 1074 2358 1160 προσδεο-

660 1174 868 1262 μένην
916 1173 990 1242 δὲ
1036 1178 1300 1262 φύσεως
1341 1175 1452 1242 καὶ
1488 1182 1718 1265 τριβῆς
1754 1178 1877 1243 οὐκ
1915 1181 2009 1255 εἰς
2044 1179 2168 1262 τὴν
2207 1176 2356 1244 ἑαυ-

661 1293 776 1367 τῆς
821 1282 1156 1367 ἀνάληψιν
1203 1280 1347 1349 ἀλλ’
1393 1285 1489 1362 εἰς
1532 1285 1654 1368 τὴν
1702 1284 2045 1371 ἐπιτυχίαν
2092 1294 2212 1351 τοῦ
2257 1283 2356 1349 τέ-

660 1395 820 1467 λους
866 1413 927 1473 p.
965 1392 1082 1474 49,
1124 1392 1208 1455 14
1228 1410 1365 1473 sqq.

562 1519 612 1561 ο.
660 1498 826 1582 πρὸς
879 1500 1035 1573 τοὺς
1080 1494 1662 1582 ἀποφαινομένους
1707 1498 1830 1563 οὐκ
1876 1492 2048 1563 εἶναι
2094 1496 2358 1584 τέχνην,

662 1609 729 1668 εἴ
778 1627 877 1679 τις
939 1606 1300 1689 προείληφε
1365 1601 1604 1690 τέχνην
1667 1605 1789 1688 τὴν
1850 1606 1922 1669 τὸ
1989 1606 2356 1688 μεθοδικὸν

664 1712 948 1797 ἔχουσαν
1002 1706 1114 1774 καὶ
1166 1705 1437 1793 ἑστηκὸς
1479 1708 1887 1795 παράδοσιν,
1942 1711 2006 1774 εἰ
2049 1705 2122 1774 δὲ
2167 1715 2362 1774 καλεῖ

661 1814 772 1882 καὶ
827 1818 947 1901 τὴν
1005 1817 1324 1903 ὁλοσχερῆ
1372 1818 1831 1902 παρατήρησιν
1878 1816 1999 1899 τὴν
2047 1818 2354 1902 στοχαζο-

662 1921 870 2007 μένην
925 1930 1046 1989 τοῦ
1101 1923 1190 2000 ὡς
1244 1921 1353 1990 ἐπὶ
1406 1925 1480 1990 τὸ
1538 1925 1710 1989 πολὺ
1756 1920 1868 1988 καὶ
1912 1923 2076 1989 κατὰ
2123 1923 2196 1988 τὸ
2244 1913 2353 1989 ε’ὔ-

661 2033 886 2112 λογον,
935 2028 1173 2115 τέχνην
1218 2025 1392 2096 εἶναι
1437 2054 1500 2114 p.
1539 2029 1645 2114 53,
1682 2030 1881 2115 bsqq.

560 2134 615 2198 d.
663 2137 829 2221 πρὸς
891 2140 1047 2215 τοὺς
1110 2139 1322 2223 μόνον
1387 2137 1808 2223 ἄντιφώνους
1877 2143 2136 2224 σχολῶν
2200 2139 2357 2212 τοὺς

659 2242 1292 2330 ὑπομνηματισμοὺς
1358 2245 1868 2332 ἀναγράψαντας
1881 2243 1932 2330 1)
1997 2268 2058 2328 p.
2108 2243 2222 2327 57,
2269 2244 2355 2307 23

668 2349 857 2432 —60‚
901 2354 996 2414 11.

565 2475 615 2517 e.
662 2457 828 2540 πρὸς
857 2457 1155 2540 Βρόμιον
1195 2460 1420 2519 contra
1456 2455 1725 2538 Epicuri
1765 2454 2152 2518 sententiam
2190 2457 2357 2516 stan-

664 2564 797 2624 tem
845 2584 907 2644 p.
947 2561 1051 2645 64,
1095 2562 1374 2644 11—68‚
1417 2564 1471 2625 1.

889 2690 967 2757 H.
1036 2694 1497 2777 Φιλοδήμου
1547 2693 1802 2777 δόξαι,

323 2829 487 2891 quae
536 2813 845 2893 quattuor
892 2807 1218 2892 capitibus
1265 2806 1698 2873 illustrantur:

460 2935 512 2977 a.
561 2912 755 3001 τέχνη
795 2917 869 2980 τί
899 2913 1156 2998 λέγεται
1193 2915 1359 2978 κατὰ
1395 2916 1518 2999 τὴν
1550 2916 1942 2998 συνήθειαν,
1980 2912 2359 2999 ὑπομνῆσαι

563 3020 859 3108 βραχέως
913 3020 1024 3105 (οὐ
1079 3021 1205 3105 γὰρ
1264 3022 1430 3107 ἄλλῃ
1485 3022 1565 3085 τὰ
1610 3018 1888 3106 ἡμέτερα
1936 3021 2072 3084 ἔστι
2120 3019 2356 3103 δεῖξαι)

558 3150 621 3212 p.
662 3128 766 3210 68,
807 3129 1043 3212 1—77‚
1080 3128 1183 3193 26.

469 3270 521 3334 1)
560 3265 804 3321 Additur
838 3284 894 3336 p.
925 3271 1011 3333 60,
1052 3271 1287 3335 11-64,
1331 3272 1397 3320 10
1436 3265 1506 3319 do
1543 3265 1781 3335 politica
1818 3263 2149 3334 disputatio,
2188 3278 2357 3331 quam

321 3368 489 3407 nemo
519 3352 637 3408 fere
666 3354 974 3424 Epicureus
1004 3356 1183 3409 artem
1213 3369 1336 3407 osse
1367 3356 1601 3421 statuat,
1641 3354 1699 3407 et
1727 3353 1797 3408 do
1826 3351 2182 3422 quibusdam,
2213 3366 2358 3420 quae

321 3440 464 3496 rhet.
506 3438 724 3503 artibus
759 3442 1130 3511 intercedant,
1172 3441 1521 3511 differentiis,
1560 3441 1630 3495 do
1661 3441 1864 3509 quibus
1894 3455 2191 3510 perperam
2216 3455 2356 3494 non-

316 3502 842 3733 m..
