2650 3903
1046 229 1528 292 —217—

751 386 1032 471 ἀγαθῶν
1080 389 1342 451 ἔπαθλα
1389 411 1610 453 κοινο-

750 502 1027 559 ποιοῦσι
1071 491 1181 558 καὶ
1227 496 1519 571 πολλοὺς
1566 489 1655 559 εἷ-

655 617 706 659 25
753 624 866 665 ναι
913 603 1253 685 πονηροὺς
1298 598 1574 687 προτρέ-

749 727 1005 790 σ-τ-ονται.
1045 703 1181 771 Καὶ
1224 709 1531 792 προκρεί-

107 899 114 942 t
754 836 985 890 νοντες
1031 811 1105 878 ἐν
1149 822 1291 889 ταῖς
1338 816 1624 897 συμβλή·

284 976 408 1039 Col.
428 978 724 1037 XXXVP.
756 987 944 1055 οέσιν
992 975 1389 1056 Πηνελόπης
1432 976 1721 1037 Κλυται-

751 1080 1181 1162 μ<ν>ήστραν
1225 1075 1338 1143 καὶ
1383 1079 1502 1143 τὸν
1549 1079 1774 1164 Πάριν

746 1178 1182 1267 Ἀλέξανδρον
1211 1181 1529 1269 ’Έκτορος
1575 1183 1645 1247 ἀ-

753 1292 1108 1373 φανίζουσι
1151 1290 1268 1365 τὰς
1314 1289 1549 1373 ἀρετὰς

684 1414 709 1454 5
754 1408 887 1461 τῶν
933 1396 1239 1480 ἀγαθῶν,
1288 1396 1453 1461 ὅσον
1500 1393 1606 1479 ἐφ’
1661 1397 1778 1461 αὑ-

754 1514 921 1586 τοῖς,
969 1497 1117 1568 οὐδ’
1170 1500 1362 1566 αὐτοὶ
1407 1502 1634 1587 μέντοι
1678 1527 1754 1585 γε

755 1609 881 1676 ἀπὸ
929 1607 1294 1686 διαθέσεως
1340 1610 1630 1693 αὐξητῂ-

752 1725 869 1799 κῆς
914 1712 1036 1800 μὲν
1079 1728 1215 1782 τῶν
1261 1715 1585 1802 ἀρετηφό-

755 1817 893 1906 ρων
940 1821 1238 1905 ἀνδρῶν,
1286 1832 1631 1906 μειωτικῆς

658 1947 708 1986 10
756 1925 830 1994 δὲ
875 1938 1009 1993 τῶν
1055 1939 1391 2012 πονηρῶν,
1438 1930 1596 2004 τοὺς

755 2030 877 2119 μὲν
923 2033 1351 2119 ἐγκωμιάζειν
1396 2036 1553 2111 τοὺς

756 2138 829 2205 δὲ
876 2138 1104 2222 ψέγειν
1152 2139 1604 2225 ἐπιχειροῦσιν,
1646 2141 1759 2205 ἀλ-

757 2241 818 2311 λ’
871 2247 912 2331 ἢ
961 2248 1072 2311 διὰ
1116 2243 1354 2331 κέρδος
1399 2247 1439 2331 ἢ
1489 2248 1600 2311 διὰ
1645 2249 1866 2333 φόβον
1911 2247 1953 2332 ἢ

760 2353 1103 2437 δυνάμεως
1148 2353 1466 2432 ἐπίδειξιν

658 2477 710 2517 15
753 2461 1237 2544 ποιούμ[ε]νοι,
1285 2459 1413 2526 κᾶν
1458 2462 1585 2548 ἄρα

756 2563 913 2633 ποτὲ
959 2576 1094 2632 τῶν
1141 2566 1419 2650 ἀγαθῶν
1462 2590 1649 2644 τινας

756 2673 1204 2758 ἐνκωμιάζωσι
1249 2673 1359 2739 καὶ
1405 2686 1538 2740 τῶν

757 2780 1021 2845 ἀτόπων
1066 2794 1554 2867 κατηγορῶσιν,

757 2885 838 2951 οὐ
883 2898 1018 2952 τῶν
1063 2885 1203 2952 κατ’
1259 2887 1586 2971 ἀλήθειαν
1632 2890 1743 2953 ὄν-

657 3011 709 3049 20
754 3015 886 3057 των
933 2993 1099 3058 ἀλλὰ
1143 3003 1278 3058 τῶν
1321 3004 1462 3069 τοῖς
1504 2998 1664 3057 πολ-

755 3103 894 3175 λοῖς
939 3096 1394 3183 νομιζομένων
1441 3096 1551 3163 καὶ

754 3208 1056 3271 καθόλου
1094 3216 1227 3271 τῶν
1270 3205 1389 3281 τὰς
1435 3204 1655 3288 δημώ-

754 3312 890 3388 dag
937 3311 1168 3396 ἀρετὰς
1213 3309 1323 3375 καὶ
1371 3311 1663 3394 κακ[ι’]ας

755 3416 1070 3503 ἑχόντων·
1119 3418 1180 3482 εἰ
1222 3419 1349 3503 γὰρ
1399 3413 1486 3483 αὖ
1531 3429 1665 3483 τῶν

426 3598 474 3646 9.
514 3592 569 3645 N
608 3592 666 3646 et
702 3591 774 3647 O:
815 3610 1097 3663 μηωτικησ
1123 3593 1142 3662 ΙΙ
1171 3624 1238 3634 —-
