2650 3903
1059 201 1573 256 -XLIX—

296 376 418 419 suo
483 374 659 417 more
725 356 789 416 et
853 351 947 414 ita
1009 351 1337 433 loquetur,
1401 354 1474 414 ut
1533 349 1600 413 in
1657 350 2208 434 disputationibus
2263 356 2329 415 et

297 463 473 524 inter
543 457 897 541 discipulos
970 456 1337 540 consuevit,
1415 455 1596 538 plebi
1669 457 1912 542 garrire
1984 456 2327 520 videbitur.

296 565 514 630 Huius
570 563 742 628 enim
789 562 995 627 oratio
1044 561 1336 645 quamvis
1384 561 1540 625 boni
1588 562 1833 645 aliquid
1879 563 2143 644 habeat,
2199 563 2328 626 sibi

295 670 694 735 audientiam
757 690 888 732 non
943 667 1162 750 faciet,
1228 666 1533 751 quoniam
1588 667 1900 750 sapientis
1956 672 2021 732 et
2076 667 2328 751 politici

296 776 507 841 oratio
546 779 776 858 suapte
813 778 1061 857 natura,
1106 795 1238 836 non
1274 776 1530 836 tantum
1568 773 1873 838 utilitatis
1910 774 2174 839 notione
2213 775 2327 838 dif-

298 883 519 946 ferunt
563 875 1183 966 (XXX—XXXHI).
1402 876 1674 961 Sapiens
1722 879 1967 943 omittit
2016 901 2327 964 quaecun-

299 1008 426 1070 que
474 986 554 1049 ad
599 984 977 1049 felicitatem
1022 1006 1155 1048 non
1201 984 1457 1066 ducant,
1505 1005 1667 1067 quae
1704 1007 1855 1048 vero
1894 986 2326 1068 perturbatio-

297 1116 449 1157 nem
505 1091 865 1156 animorum
921 1113 1000 1155 ex
1058 1090 1275 1173 pravis
1333 1090 1753 1173 opinionibus
1806 1096 2028 1155 natam
2084 1097 2329 1176 sanent,

298 1197 532 1281 recipit
579 1197 744 1262 sicut
790 1201 961 1261 artes
1006 1195 1087 1258 ad
1132 1195 1334 1259 vitam
1370 1196 1776 1261 necessarias,
1846 1197 2139 1262 Ridicule
2176 1220 2328 1262 vero

297 1307 653 1390 nugantur,
718 1302 828 1386 qui
884 1324 964 1366 ex
1019 1301 1376 1388 geometria
1430 1305 1631 1365 artem
1690 1302 2173 1385 imperatoriam
2225 1302 2329 1367 vel

299 1410 635 1494 politicam
682 1407 1002 1490 proficisci
1050 1410 1301 1490 putent.
1351 1457 1364 1470 .
1396 1457 1408 1470 .
1441 1457 1454 1470 .
1503 1406 1814 1472 Similiter
1858 1408 2124 1473 ridicule
2171 1410 2328 1495 agit,

298 1517 411 1599 qui
468 1538 546 1579 ex
604 1512 1016 1599 physiologia
1062 1517 1234 1577 artes
1280 1513 1362 1576 ad
1406 1512 1608 1577 vitam
1654 1515 2053 1597 pertinentes
2100 1514 2328 1579 elicere

297 1621 455 1686 velit
500 1620 679 1685 velut
719 1618 1158 1684 oeconomiam
1196 1623 1313 1683 etc.
1381 1619 1566 1696 Quod
1603 1621 1922 1704 quomodo
1960 1643 1998 1684 a
2036 1621 2328 1705 sapiente

296 1727 437 1792 fieri
493 1726 702 1810 possit
757 1724 1056 1808 publicae
1110 1724 1338 1790 salutis
1387 1747 1601 1809 causa,
1654 1747 2061 1810 nequaquam
2107 1731 2181 1790 ut
2228 1727 2328 1790 de-

299 1834 499 1898 bebat
543 1831 655 1896 ille
702 1829 1038 1912 disposuit.
1090 1881 1102 1894 .
1135 1881 1191 1894 ..
1240 1829 1518 1895 Omnino
1566 1833 1785 1896 autem
1830 1830 2144 1914 sapientis
2190 1832 2327 1896 offi-

302 1940 473 2005 cium
525 1939 596 2004 in
642 1935 1083 2023 cognoscenda
1131 1959 1345 2001 rerum
1389 1941 1623 2002 natura
1669 1941 1734 2002 et
1783 1938 2194 2004 emendandis
2240 1939 2328 2003 vi-

295 2045 409 2110 tiis
465 2045 754 2129 positum
807 2065 845 2106 a
900 2041 1152 2125 politici
1208 2065 1473 2108 munere
1527 2044 1721 2129 longe
1769 2044 1969 2108 distat
2013 2049 2077 2107 et
2124 2066 2328 2127 paene

297 2150 691 2217 contrarium
747 2151 871 2232 est,
925 2151 1001 2211 ut
1052 2169 1134 2211 ne
1191 2147 1426 2211 debeat
1483 2148 1741 2231 quidem
1787 2149 2046 2231 sapiens
2093 2149 2330 2232 peritia

295 2257 394 2322 rei
476 2254 773 2339 publicae
856 2258 921 2317 et
1002 2252 1413 2318 fraudulenta
1495 2253 1608 2317 illa
1681 2253 1999 2320 rhetorica
2074 2254 2328 2320 institui

297 2356 1041 2448 (XXXV—XXXVIII).

423 2465 532 2549 At,
577 2466 805 2550 inquit,
853 2465 963 2549 qui
1009 2465 1351 2530 veritatem
1395 2466 1883 2550 quaestionibus
1918 2466 2328 2531 naturalibus

299 2577 762 2659 cognoverunt,
818 2593 951 2635 non
1004 2572 1199 2635 rebus
1254 2571 1416 2655 ipsis
1472 2573 1583 2638 sed
1636 2574 1843 2637 forma
1888 2576 2145 2636 tantum
2192 2595 2327 2635 ora-

295 2678 493 2744 tionis
559 2701 596 2742 a
661 2677 946 2761 politicis
1012 2677 1333 2742 differunt.
1423 2678 1595 2744 Nam
1651 2678 2080 2762 philosophus
2137 2677 2327 2761 syllo-

296 2784 506 2870 gismo
574 2788 640 2848 et
704 2783 1073 2848 inductione
1140 2784 1373 2868 utitur,
1439 2789 1658 2849 orator
1722 2785 2200 2867 enthymemate
2263 2789 2328 2847 et

295 2890 612 2973 exemplo.
705 2889 829 2955 Sed
884 2912 997 2954 cur
1049 2912 1180 2954 non
1235 2890 1665 2974 philosophus
1711 2891 2217 2975 enthymemate,
2273 2890 2327 2953 si

294 2996 649 3080 videbitur,
706 3000 770 3059 et
827 2996 1169 3079 exemplo?
1402 2996 1617 3060 Facile
1674 3002 1891 3061 autem
1945 2996 2329 3062 concedetur

295 3101 784 3187 physiologum,
831 3102 1174 3186 medicum,
1221 3105 1596 3188 geometren
1643 3104 1864 3167 eadem
1909 3101 2213 3185 loquendi
2262 3106 2328 3165 et

294 3207 716 3273 concludendi
763 3209 1011 3273 ratione
1058 3208 1181 3272 uti:
1236 3229 1355 3272 nec
1400 3212 1619 3271 tamen
1665 3209 1719 3272 si
1765 3208 1922 3270 haec
1969 3206 2327 3270 communis

294 3314 430 3376 fere
461 3313 749 3377 omnium
778 3319 893 3399 est,
922 3317 1268 3398 propterea
1296 3313 1462 3377 alter
1489 3313 1755 3378 alterius
1776 3333 1940 3394 opus
1962 3310 2327 3398 perficiet.1)

440 3454 493 3521 1)
551 3452 710 3518 Quod
758 3452 1150 3508 XLI—XLIV
1199 3451 1526 3521 disputatur
1581 3451 1649 3505 de
1707 3450 2187 3518 enthymematum
2243 3450 2327 3504 in-

297 3538 517 3594 anitate
564 3544 622 3596 et
667 3540 1065 3612 perversitate,
1114 3539 1184 3593 de
1230 3538 1623 3606 interrogandi
1670 3541 1728 3593 et
1771 3537 2147 3608 respondendi
2186 3540 2327 3602 arte,

405 3637 745 3692 Pmoun-nme,
773 3640 841 3681 ed.
872 3639 1094 3679 Sudhaus.
1862 3627 1899 3680 d
