2650 3903
1181 142 1667 196 -xw-
2556 72 2560 175 ⁸

409 300 724 381 quantum
762 293 1021 378 quidem
1049 292 1316 356 iudicari
1347 295 1583 376 potest,
1620 291 1835 355 omnia
1863 291 1965 355 vel
1995 268 2197 375 paene
2228 293 2427 356 omnia
2558 338 2559 351 2

407 401 734 466 volumina
779 422 817 464 a
865 404 1219 464 correctore
1260 399 1595 463 emendata
1633 403 1801 482 sunt,
1849 419 2140 482 quaeque
2180 398 2429 463 deerant

408 504 706 593 addita.¹)
779 505 1004 590 Itaque
1053 505 1403 569 cavendum
1450 509 1566 588 est,
1611 527 1693 568 ne
1741 526 1903 588 quae
1951 504 2095 588 quis
2143 505 2211 569 in
2255 510 2428 569 textu

408 613 664 678 restitui
730 635 921 698 posse
979 612 1300 697 desperet,
1367 633 1441 675 ea
1496 610 1783 675 addendo
1838 610 1941 675 vel
1999 611 2303 675 demendo
2356 613 2431 676 ad

410 742 591 785 suam
648 719 1018 803 opinionem
1076 721 1439 801 componat.
1533 716 1657 782 Sed
1702 717 1770 781 in
1818 739 1891 782 eo
1938 716 2108 781 libro
2121 767 2138 801 ,
2193 718 2302 801 qui
2345 718 2429 782 in-

412 827 692 909 scriptus
741 830 839 889 est
885 824 1036 910 περὶ
1083 825 1433 909 ῥητορικῆς
1479 825 2051 908 ὑπομνηματικόν,
2108 823 2247 907 ipse
2292 824 2431 887 Phi·

410 933 700 997 lodemus
747 931 1056 996 nonnulla
1103 930 1456 995 correxisse
1503 929 1770 995 videtur.
1863 928 2225 1012 Supersunt
2272 930 2434 994 enim

412 1041 537 1104 duo
583 1039 777 1103 huius
822 1038 976 1103 libri
1026 1036 1445 1122 exemplaria,
1506 1059 1654 1120 pap.
1706 1038 1877 1102 1426
1925 1036 2309 1122 paginarum
2356 1039 2435 1100 16

415 1150 481 1210 et
526 1168 675 1229 pap.
719 1146 890 1211 1506
948 1145 1332 1230 paginarum
1380 1144 1483 1208 58.
1576 1142 1717 1206 Illic
1764 1166 1825 1226 p.
1863 1141 2045 1225 VIII,
2092 1145 2175 1207 27
2235 1144 2438 1226 φανή-

412 1268 614 1333 σεται,
653 1250 794 1334 ΧΠ,
823 1253 904 1316 27
938 1252 1353 1336 διατριβικὸν
1382 1252 1657 1332 exstant,
1695 1270 1840 1312 cum
1871 1247 1939 1312 in
1964 1242 2171 1312 ‘altera
2200 1247 2437 1334 (priore

414 1355 607 1444 puto)
663 1357 1030 1421 recensione
1087 1367 1392 1441 φανεῖται
1449 1360 1514 1419 et
1570 1357 2001 1440 σχολαστικὸν
2060 1353 2437 1418 exstiterint.
2556 1322 2559 1435 1

410 1464 658 1549 Pagina
714 1463 1113 1546 paenultima
1168 1463 1364 1526 etiam
1419 1466 1672 1526 textum
1729 1460 1989 1524 omnino
2046 1459 2441 1524 differentem

415 1570 980 1654 deprehendimUS,
1055 1569 1255 1653 quod·
1300 1568 1369 1632 in
1442 1559 1760 1651 apparatu
1826 1566 2048 1631 critico
2115 1567 2442 1649 adscripsi.
2558 1612 2559 1631 ;

414 1677 484 1742 Ρ.
515 1676 685 1762 XIV,
725 1678 923 1760 6sqq.
961 1675 1227 1761 legitur:
1276 1677 1350 1739 τὸ
1396 1675 1522 1758 γὰρ
1561 1676 1780 1758 „sufflo
1819 1673 2083 1759 ῥήτωρα
2122 1673 2243 1738 οὐκ
2281 1675 2442 1736 ἄλλο
2546 1656 2560 1715 ”3

413 1807 476 1848 τι
525 1783 923 1867 λαμβάνεται
970 1791 1098 1847 νῦν
1145 1781 1185 1865 ἢ
1233 1783 1307 1846 τὸ
1356 1778 1430 1844 ἐν
1477 1781 1688 1870 τούτῳ
1738 1780 1956 1866 ῥήτωρ
2005 1778 2145 1844 ἐστὶ
2191 1782 2307 1842 etc.
2355 1816 2445 1824 —-
2537 1722 2560 1903 i

411 1888 636 1953 Altera
682 1887 966 1951 recensio
1014 1888 1137 1953 hoc
1182 1887 1410 1951 habet:
1457 1889 1531 1951 τὸ
1579 1887 1703 1971 γὰρ
1752 1889 1969 1971 ,,καθὸ
2009 1886 2273 1973 ῥήτωρ(ς
2321 1884 2446 1950 οὐκ
2557 1908 2559 1917 ¹

412 1999 574 2062 ἄλλο
622 2016 684 2060 τι
732 1995 1134 2079 λαμβάνεται
1179 2003 1414 2060 τοῦτο
1452 2004 1581 2058 νῦν
1618 1996 1734 2057 etc.
1808 1993 1951 2057 Hoc
1988 2003 2184 2059 τοῦτο
2222 1997 2449 2057 notan-

415 2104 567 2167 dum
614 2107 737 2167 est:
786 2106 884 2167 est
932 2102 1103 2166 enim
1148 2101 1569 2187 neglegenter
1617 2103 1682 2163 et
1721 2100 2263 2183 ὑπομνηματικὸν
2301 2120 2450 2162 con-

411 2209 772 2292 scribentiS,
808 2209 984 2291 quod
1022 2213 1250 2292 postea
1281 2207 1561 2291 scriptor
1587 2210 1843 2270 textum
1873 2206 2079 2270 denuo
2109 2227 2452 2269 recensens
2557 2191 2559 2244 3

410 2312 702 2378 resecuit.
776 2312 917 2379 Nec
965 2335 1115 2377 vero
1165 2316 1573 2395 contemptor
1620 2312 1977 2398 elegantiae
2015 2311 2455 2395 philosophus

414 2423 478 2483 et
524 2422 720 2502 poeta
764 2417 889 2481 fuit
926 2417 1362 2501 PhilodemuS‚
1409 2418 1581 2501 quod
1617 2418 1718 2482 vel
1756 2418 1902 2482 inde
1942 2418 2227 2503 colligas,
2275 2418 2457 2501 quod

412 2525 664 2589 hiatum
731 2523 1192 2588 consuetudine
1258 2523 1434 2587 illius
1502 2523 1730 2587 aetatis
1798 2524 1851 2588 si
1917 2524 2128 2588 minus
2185 2522 2458 2587 omnino

411 2630 658 2714 vitavit,
705 2634 772 2693 at
820 2632 991 2693 certe
1036 2652 1179 2695 raro
1228 2629 1504 2714 admisit,
1550 2652 1744 2714 quam
1791 2652 1910 2716 ego
1959 2631 2028 2695 in
2074 2629 2460 2695 coniciendo

410 2759 703 2801 normam
758 2736 1031 2799 fortasse
1084 2735 1279 2801 nimis
1337 2759 1529 2821 saepe
1582 2736 1859 2823 neglexi.
1907 2775 1995 2783 ——
2040 2735 2305 2819 Duplex
2360 2758 2463 2799 re-

415 2843 629 2908 censio
680 2841 874 2906 etiam
921 2842 1074 2907 libri
1124 2843 1385 2908 secundi
1433 2843 1630 2908 fuisse
1677 2843 1958 2927 videtur,
2006 2843 2083 2905 de
2130 2865 2256 2926 qua
2306 2864 2464 2905 con-

413 2953 609 3034 feraS,
666 2949 837 3033 quod
884 2972 946 3032 p.
986 2951 1099 3033 28,
1147 2951 1439 3033 32-34,
1493 2973 1555 3034 p.
1594 2952 1708 3033 44,
1755 2952 1868 3033 20,
1915 2973 1976 3033 p.
2017 2951 2121 3033 24,
2167 2951 2210 3012 4
2257 2947 2467 3011 adno-

414 3063 624 3122 tatum
672 3061 785 3120 est.

568 3307 619 3375 1)
666 3305 761 3358 Bis
813 3321 949 3359 voce
998 3302 1147 3357 κοὶτω
1188 3261 1538 3373 significatur
1575 3301 1793 3371 aliquid
1832 3302 1934 3357 sub
1971 3303 2130 3356 textu
2170 3300 2336 3369 addi,
2392 3300 2469 3354 ef.

413 3410 467 3461 p.
502 3397 532 3444 9
575 3394 633 3446 et
670 3392 773 3446 X1²
810 3392 907 3447 fol.
942 3399 1068 3461 114,
1107 3391 1171 3447 fr.
1204 3397 1253 3445 6.
