2650 3903
1125 197 1552 251 —X1—

459 429 558 483 De
605 426 828 482 forma
872 438 1287 495 papyrorum
1335 431 1405 483 et
1448 428 1584 483 fide
1630 429 2200 498 apographorum.

453 558 755 641 Papyrus
806 559 971 622 1427
1014 590 1097 610 =
1125 557 1213 622 V2
1260 558 1368 623 fol.
1408 560 1672 625 26—-35
1718 561 1912 625 finem
1959 560 2154 645 primi
2200 561 2354 626 libri

323 662 629 727 continet.
722 662 1001 728 Litterae
1049 669 1381 748 tamquam
1427 666 1718 752 fugiente
1766 666 2009 731 calamo
2058 672 2354 732 exaratae

324 772 489 833 sunt.
580 768 788 833 Multa
833 774 1099 856 mutata,
1148 770 1375 856 deleta,
1422 771 1669 837 adiecta
1716 777 1881 837 sunt.
1973 773 2271 858 Papyrus
2319 796 2356 837 a

323 896 569 939 summo
627 876 707 939 ad
753 875 955 940 imum
1001 877 1254 941 fissuris
1302 877 1623 961 dirempta
1669 879 1825 943 satis
1873 883 2091 943 tamen
2137 880 2217 943 ad
2264 902 2355 944 re-

317 980 717 1046 stituendum
772 987 1027 1047 textum
1082 983 1337 1069 integra
1393 987 1509 1048 est.
1600 983 1966 1069 Utrumque
2027 985 2358 1069 exemplar

320 1092 385 1150 et
434 1086 637 1151 Oxon.
687 1092 753 1151 et
796 1087 1002 1173 Neap.
1053 1088 1339 1153 eiusdem
1386 1089 1518 1153 fere
1567 1089 1762 1174 pretii
1811 1095 1927 1156 est.
2392 1147 2398 1152 .

454 1192 752 1276 Papyrus
815 1196 987 1259 1674
1035 1227 1119 1247 =
1167 1193 1285 1259 IV2
1346 1198 1654 1260 42—108
1722 1201 1977 1280 partem
2041 1197 2196 1261 libri
2263 1219 2354 1261 se-

317 1298 510 1363 cundi
571 1298 876 1363 continet.
968 1300 1296 1385 Fortasse,
1365 1300 1516 1384 quia
1574 1301 1679 1365 hic
1733 1301 1901 1367 liber
1956 1301 2093 1367 sine
2151 1302 2349 1367 dubio

320 1408 712 1493 permagnus
759 1406 911 1489 fuit,
960 1407 1182 1471 charta
1228 1407 1509 1472 scribam
1557 1407 1805 1473 defecit.
1898 1407 2024 1474 Sed
2071 1409 2156 1473 sit
2205 1431 2356 1472 sane

318 1534 467 1575 casu
513 1516 665 1577 non
689 1514 1034 1598 perfectus,
1081 1518 1252 1578 certe
1300 1514 1510 1578 medio
1561 1515 1773 1598 capite
1813 1515 2218 1598 interruptus
2257 1519 2355 1578 est

314 1618 497 1683 liber.
571 1619 821 1684 Ductus
867 1620 1232 1685 litterarum
1271 1620 1550 1705 simplex
1589 1626 1705 1705 est,
1752 1620 2028 1707 paginae
2067 1621 2353 1705 optimae

316 1725 640 1790 interdum
688 1730 752 1790 et
801 1727 1142 1792 continuae
1191 1750 1463 1812 semper.
1538 1727 1934 1810 Exemplum
1979 1727 2354 1810 Neapolita-

314 1854 469 1895 num
516 1832 894 1917 diligentius
943 1834 1306 1898 confectum
1355 1839 1419 1898 et
1466 1833 1752 1898 melioris
1800 1856 1954 1898 usus
2002 1837 2125 1917 est,
2187 1830 2353 1896 Oxo-

317 1936 526 2000 niensi
590 1942 833 2023 tamen,
898 1940 1071 2023 quod
1139 1941 1310 2006 1825
1379 1940 1624 2005 editum
1686 1944 1810 2026 est,
1874 1940 2027 2005 licet
2088 1939 2351 2005 omnino

318 2041 528 2128 magis
575 2047 952 2124 corruptum
997 2044 1110 2127 sit,
1162 2045 1367 2108 multa
1412 2050 1632 2109 tamen
1677 2046 2090 2130 corriguntur
2138 2050 2202 2108 et
2251 2068 2353 2108 ex-

322 2149 603 2233 plentur.

448 2254 750 2338 Papyrus
801 2255 972 2319 1672
1032 2253 1227 2317 finem
1286 2252 1443 2317 libri
1500 2253 1764 2320 alterius
1820 2255 2084 2321 exhibet
2135 2288 2217 2309 =
2266 2255 2353 2321 V2

311 2363 531 2427 36—7
539 2362 595 2425 6.
671 2359 1065 2425 Litterarum
1114 2360 1342 2424 ductus
1390 2360 1444 2426 si
1492 2361 1703 2427 minus
1751 2362 2008 2449 elegans
2057 2368 2123 2428 at
2163 2363 2352 2428 fortis

311 2473 375 2532 et
422 2467 628 2532 virilis
678 2472 793 2533 est.
881 2467 1096 2533 Nimis
1143 2467 1349 2533 multa
1395 2473 1679 2534 correcta
1726 2475 1876 2535 sunt
1923 2470 2115 2558 (puto
2155 2491 2351 2534 manu

313 2572 565 2661 aliena).
632 2572 839 2658 Neap.
878 2574 1211 2658 exemplar
1256 2579 1547 2659 praestat
1596 2575 1951 2661 diligentia,
1998 2575 2115 2641 Ox.
2146 2575 2352 2659 copia,

311 2703 533 2745 verum
571 2679 850 2765 pessime
891 2680 1287 2765 descriptum
1328 2686 1444 2769 est,
1482 2686 1556 2746 ut
1595 2682 1868 2747 subinde
1908 2705 1987 2746 ex
2025 2681 2184 2746 totis
2216 2703 2351 2744 ver-

314 2786 523 2871 sibus,
571 2786 683 2870 qui
731 2787 969 2872 integri
1016 2786 1413 2873 viderentur,
1458 2787 1626 2852 nihil
1674 2787 2015 2852 elicuerim.

448 2893 748 2976 Papyrus
791 2895 960 2959 1423
1000 2925 1086 2947 =
1124 2892 1242 2957 XIl
1281 2918 1343 2978 p.
1387 2897 1420 2959 1
1447 2916 1584 2978 sqq.
1626 2893 1734 2958 dat
1772 2894 2057 2978 priorem
2095 2898 2350 2978 partem

318 2997 472 3062 libri
519 2999 749 3082 quarti.
842 2998 1106 3064 Summa
1152 3004 1289 3064 arte
1339 3004 1403 3063 et
1452 3000 1773 3085 elegantia
1821 3001 2201 3085 magnisque
2247 2998 2351 3061 lit-

313 3103 471 3168 teris
537 3105 939 3190 eonscriptus
1007 3111 1132 3190 est,
1196 3111 1269 3170 ut
1324 3104 1434 3170 vix
1492 3105 1738 3190 aliquid
1793 3110 2044 3169 mutare
2102 3105 2355 3167 audeas.

310 3210 715 3297 Apographo
785 3217 1003 3277 tamen
1076 3210 1192 3276 Ox.
1267 3212 1579 3276 nonnulla
1654 3211 2088 3275 emendantur.
2208 3207 2351 3270 Hoc

311 3317 508 3381 etiam
556 3318 678 3382 sub
726 3319 922 3383 finem
969 3319 1356 3404 paginarum
1403 3317 1668 3381 uberius
1717 3319 1829 3379 est.

444 3423 759 3508 Papyrus,
808 3446 971 3508 quae
1018 3425 1287 3489 alteram
1325 3427 1580 3507 partem
1615 3420 1772 3485 libri
1811 3418 2024 3503 quarti
2064 3419 2350 3483 continet

313 3527 427 3614 (=
474 3529 594 3593 XF
656 3535 820 3614 part.
868 3527 987 3616 II),
1047 3531 1114 3593 in
1177 3530 1335 3593 duas
1396 3532 1614 3609 partes
1677 3523 1905 3608 divisa,
1967 3525 2069 3587 vel
2130 3524 2350 3605 potius
