2650 3903
1042 217 1525 271 -XIX—

269 366 453 450 deris,
491 389 603 431 sex
641 367 975 450 habemus,
1015 388 1093 430 ex
1133 366 1370 449 quibus
1410 366 1534 430 duo
1573 364 1753 453 (pap.
1789 370 1959 434 1669
2000 375 2065 433 et
2099 369 2303 457 1015)

268 478 523 537 tantum
574 473 966 556 Φιλοδήμου
1012 470 1163 557 περὶ
1203 472 1552 559 ῥητορικῆς
1598 473 1896 557 inscripti
1946 481 2112 540 sunt.
2191 476 2302 542 Ce-

265 580 387 643 teri
436 578 617 643 tituli
665 583 840 643 sunt:

400 684 443 748 l.
492 683 550 749 I:
618 686 1006 770 Φιλοδήμου
1070 683 1221 772 περὶ
1279 685 1630 771 ῥητορικῆς
1688 687 2185 771 ὑπομνημάτων
2240 687 2299 753 α’

262 793 353 876 α-ρ“
402 793 618 856 ΧΧΧΑ
665 795 741 855 ο-’ἑ
790 794 896 857 KZ
949 790 1142 878 (puto
1201 789 1341 878 ρλζ’
1391 792 1589 856 fuisse
1648 793 1881 857 collato
1936 793 2107 858 libro
2163 794 2301 878 IV⁸,

266 897 446 961 cuius
501 898 766 962 ultimae
823 898 1099 984 paginae
1147 919 1453 963 numerus
1502 896 1650 984 ρμζ’
1701 899 2107 983 subscriptus
2155 900 2300 988 est).

395 1004 437 1068 1.
484 1004 571 1069 H:
621 1007 1012 1089 Φιλοδήμου
1058 1003 1209 1087 περὶ
1259 1005 1609 1091 ῥητορικῆς
1654 1003 1724 1089 β’
1758 1056 1772 1071 .
1803 1055 1818 1071 .
1849 1059 1861 1071 .
1898 1007 2300 1092 ΧΧΧΧΗΗῙ)

398 1109 440 1173 l.
487 1109 633 1175 IV⁸:
693 1113 1084 1195 Φιλοδήμου
1130 1109 1281 1196 περὶ
1329 1111 1680 1198 ῥητορικῆς
1738 1109 1805 1176 δ’
1854 1123 1988 1177 τῶν
2034 1115 2128 1190 εἰς
2175 1114 2299 1178 δύο

266 1219 342 1281 τὸ
391 1218 717 1302 πρότερον

398 1321 438 1384 1.
486 1319 638 1387 IVb:
697 1321 1087 1405 Φιλοδήμου
1133 1320 1285 1406 περὶ
1335 1322 1685 1408 ῥητορικῆς
1734 1320 1801 1387 δ’
1849 1333 1981 1388 τῶν
2029 1325 2125 1401 εἰς
2172 1326 2295 1390 δύο

263 1430 336 1493 τὸ
377 1429 692 1513 δεύτερον
730 1425 873 1514 (qui
912 1426 1143 1491 titulus
1180 1428 1249 1491 in
1284 1429 1412 1491 fine
1451 1429 1685 1513 papyri
1716 1429 2124 1512 subscriptus
2155 1427 2299 1514 est).

397 1532 546 1597 Sine
616 1534 814 1598 dubio
886 1534 1166 1618 scriptor
1229 1557 1346 1618 per
1410 1539 1623 1599 totum
1680 1557 1845 1619 opus
1902 1535 2297 1601 accuratissi-

266 1661 437 1703 mam
485 1640 975 1724 dispositionem
1023 1645 1280 1705 secutus
1329 1645 1444 1725 est,
1491 1645 1564 1704 ut
1611 1627 1792 1705 solet.
1878 1640 2081 1725 Saepe
2130 1641 2302 1705 enim

265 1746 663 1832 singularum
719 1748 1004 1831 partium
1036 1745 1551 1831 ‘dispositionem
1600 1750 2084 1831 commemorat,
2141 1767 2301 1829 quas

264 1852 640 1937 absolverit,
697 1875 855 1936 quas
906 1858 1300 1919 tractaturus
1348 1854 1451 1917 sit.
1545 1851 1741 1917 Cuius
1787 1853 1880 1917 rei
1929 1851 2299 1936 exemplum

260 1958 505 2021 librum
559 1961 909 2024 secundum
965 1960 1335 2044 perlustres
1427 1959 1566 2026 Nec
1612 1965 1831 2024 tamen
1876 1961 2041 2024 hanc
2088 1960 2300 2042 dispo-

264 2063 584 2146 sitionem,
633 2064 936 2146 quoniam
981 2066 1267 2149 ingentis
1315 2067 1531 2149 operis
1576 2089 1708 2130 non
1752 2067 1845 2128 ita
1883 2067 2119 2128 multas
2159 2087 2301 2128 con-

264 2171 481 2235 tinuas
528 2173 751 2253 partes
797 2169 1132 2251 habemm,
1178 2170 1521 2233 restituere
1569 2174 1681 2233 aut
1728 2170 2040 2252 dispicere
2080 2192 2303 2253 possu-

262 2300 422 2341 mus
517 2275 788 2361 Singula
833 2297 982 2340 vero
1033 2279 1390 2360 emergunt.

393 2381 611 2466 Atque
653 2381 964 2446 nonnulla
1002 2381 1082 2446 iis
1119 2381 1279 2445 locis
1317 2381 1656 2465 patefiunt,
1704 2382 1942 2466 quibus
1979 2384 2082 2449 vel
2122 2389 2300 2448 ante-

262 2488 552 2552 cedentia
615 2488 882 2572 respicit
936 2489 1040 2552 vel
1096 2487 1443 2572 pollicetur
1497 2490 1731 2552 futura.
1831 2489 2301 2556 Antecedentia

259 2600 474 2658 autem
540 2601 1025 2680 commemorat,
1100 2600 1174 2659 ut
1241 2596 1539 2660 omittam
1605 2617 1707 2679 ea,
1774 2618 1935 2681 quae
1999 2597 2301 2660 videntur

259 2701 507 2765 minora
551 2700 656 2764 vel
704 2699 1062 2786 obscura²)‚
1109 2724 1171 2784 p.
1211 2703 1316 2784 98,
1355 2704 1437 2767 27
1489 2700 1562 2766 ἐν
1608 2710 1699 2788 τῷ
1743 2704 1872 2786 πρὸ
1920 2702 2162 2766 τούτου
2218 2737 2292 2746 -

255 2810 729 2891 παρεθήκαμεν
775 2807 814 2871 i.
855 2829 905 2870 e.
943 2807 1114 2871 libro
1164 2808 1393 2891 primo.
1468 2807 1717 2872 Eodem
1760 2806 1931 2870 libro
1969 2807 2072 2871 vel
2109 2806 2297 2870 initio

258 2912 522 2975 secundi
595 2912 671 2976 de
745 2912 1055 2996 Polyaeni
1129 2913 1232 2976 vel
1305 2913 1526 2997 potius
1595 2912 1671 2976 de
1734 2912 2291 2996 Pseudopolyaeni

255 3017 535 3102 quadam
582 3019 902 3083 sententia
949 3020 1192 3083 dictum
1240 3025 1405 3103 erat,
1466 3021 1543 3084 cf.
1592 3021 1700 3102 49,
1740 3021 1775 3084 7
1801 3042 1937 3102 sqq.
2029 3018 2296 3083 Maioris

254 3124 570 3189 momenti
620 3146 694 3188 ea
740 3130 917 3211 sunt,
965 3147 1126 3209 quae
1174 3126 1511 3190 materiam
1558 3127 1844 3189 futuram
1892 3125 2298 3205 adumbrant,

280 3438 285 3439 ff
403 3390 456 3458 1)
495 3387 748 3443 Titulum
788 3405 855 3443 ex
890 3388 1106 3443 duobus
1136 3390 1373 3443 duarum
1403 3404 1744 3458 papyrorum
1773 3383 1958 3438 titulis
1989 3385 2293 3454 composui.

256 3476 533 3531 Litteram
573 3475 632 3550 β’
670 3480 895 3532 tantum
932 3477 1298 3546 apographon
1340 3477 1437 3532 Ox.
1476 3492 1607 3546 pap.
1642 3478 1777 3528 1672
1817 3471 2061 3527 exhibet.

403 3568 474 3635 2)
507 3566 575 3621 ef.
617 3573 704 3638 23,
743 3573 804 3635 2³
847 3571 965 3636 155,
1005 3571 1062 3635 53
1106 3571 1226 3634 183,
1269 3571 1365 3635 203
1408 3571 1526 3634 191,
1567 3569 1615 3618 5.

1788 3651 1869 3702 b*
