2650 3903
1100 185 1577 238 —XLI—

457 332 583 397 Hic
633 356 885 418 quoque
932 335 1100 398 liber
1144 339 1323 399 totus
1362 337 1494 399 fere
1533 334 1602 398 in
1639 333 2029 398 refutatione
2067 333 2353 397 adversa-

323 438 567 504 riorum
614 445 919 505 versatur.
1001 440 1077 504 In
1123 463 1250 524 quo
1298 462 1443 505 cum
1489 440 1876 504 rhetoricam
1920 439 2103 522 nihil,
2149 439 2357 523 philo-

325 545 623 628 sophiam
670 546 1023 630 plurimum
1070 548 1359 612 conferre
1407 547 1756 612 disseratur
1802 547 1883 611 ad
1929 548 2094 610 bene
2142 548 2356 610 beate-

327 672 452 735 que
499 652 857 739 vivendum,
909 654 1080 718 hunc
1125 653 1371 718 librum
1417 655 1766 739 σύγκρισιν
1812 657 2212 739 φιλοσοφίας
2247 650 2357 716 καὶ

326 759 677 845 ῥητορικῆς
730 759 942 842 possis
998 759 1367 825 inscribere.
1450 758 1542 824 Cf.
1589 759 1671 843 B,
1718 758 1852 845 3¹):
1917 763 2074 825 Νῦν
2122 760 2358 823 τοίνυν

326 863 713 950 ἐπέλθωμεν
760 867 979 932 αὐτῶν
1025 865 1136 933 καὶ
1181 868 1296 945 τὰς
1340 864 1482 933 κατ’
1534 867 1741 932 ἄλλον
1787 869 2036 951 τρόπον
2081 874 2196 948 τῆς
2241 864 2357 950 ρη-

323 981 590 1056 τορικῆς
646 981 722 1057 τῇ
770 977 1133 1061 φιλοσοφίᾳ
1180 977 1575 1060 συγκρίσεις.
1666 972 1744 1037 In
1788 971 1849 1036 A
1896 975 2113 1036 autem
2159 970 2358 1054 potis-

325 1076 561 1140 simum
608 1079 969 1143 ostenditur
1013 1079 1332 1144 iudicialis
1378 1080 1735 1144 rhetoricae
1777 1078 2023 1143 nullam
2062 1100 2198 1142 esse
2237 1075 2359 1140 uti-

323 1183 606 1267 litatem,
661 1183 731 1247 in
775 1184 830 1248 B
885 1185 1092 1270 magis
1141 1186 1429 1250 studium
1474 1186 1635 1250 illud
1681 1188 1934 1250 forense
1983 1185 2360 1248 damnosum

326 1292 390 1351 et
439 1288 876 1373 periculosum
924 1312 1060 1354 esse
1108 1291 1601 1355 demonstratur.

458 1394 628 1461 Nam
693 1395 837 1480 ipsa
900 1395 1013 1460 illa
1077 1396 1147 1461 in
1204 1397 1526 1482 loquendo
1583 1397 1965 1483 simplicitas
2021 1419 2094 1460 ac
2151 1396 2363 1479 pudor

327 1501 645 1586 genuinus
675 1503 1106 1569 balbutientis
1143 1504 1456 1569 sermonis
1486 1504 1593 1593 (A,
1623 1503 1693 1591 6)
1731 1504 1941 1590 magis
1978 1502 2359 1587 plerumque

325 1607 646 1673 iudicibus
692 1610 1074 1694 persuadere
1122 1611 1287 1675 solet
1328 1634 1521 1695 quam
1558 1634 1678 1696 ars,
1727 1633 1889 1695 quae
1928 1608 2361 1693 suspicionem

327 1713 667 1797 pravitatis
732 1720 1002 1779 moveat.
1093 1714 1321 1799 Itaque
1387 1738 1505 1799 per
1569 1738 1636 1780 se
1701 1717 1844 1799 ipsa
1903 1714 2048 1777 tolli
2108 1713 2364 1777 videtur

329 1816 443 1904 (Α,
504 1818 641 1907 11),
699 1821 879 1886 cuius
935 1821 1258 1906 possessio
1268 1872 1285 1905 ‚
1349 1821 1654 1906 quoniam
1707 1820 1930 1885 fraude
1979 1819 2363 1902 continetur,

329 1926 522 1992 etiam
559 1926 831 1992 aliarum
868 1928 1105 1993 artium
1144 1949 1335 1993 usum
1373 1933 1437 1993 et
1469 1928 1996 1994 exercitationem
2024 1925 2362 2011 restringit

326 2032 433 2120 (Α,
472 2034 540 2117 53
586 2034 660 2118 Β,
697 2036 802 2116 29,
841 2032 973 2119 30).
1040 2033 1443 2117 Quamquam
1489 2039 1707 2099 autem
1754 2058 1871 2119 per
1909 2057 1976 2099 se
2013 2034 2157 2116 ipsa
2194 2031 2362 2096 mala

325 2162 458 2203 non
514 2143 639 2222 est,
699 2142 917 2201 tamen
970 2160 1052 2201 ne
1109 2159 1346 2220 pravus
1401 2143 1466 2201 et
1521 2139 1733 2221 turpis
1788 2138 1981 2201 huius
2036 2137 2364 2202 facultatis

327 2267 482 2308 usus
530 2246 671 2326 fiat,
718 2242 1171 2327 philosophiae
1221 2247 1369 2328 eget
1416 2243 1847 2307 moderamine
1894 2242 2002 2331 (A,
2044 2241 2171 2330 13).

462 2349 556 2415 Ut
630 2353 847 2414 autem
920 2350 1468 2435 sycophantarum
1533 2350 1816 2435 impetus
1878 2372 2010 2416 non
2077 2351 2362 2416 defendit

328 2456 435 2544 (A,
476 2459 533 2540 7,
581 2457 695 2521 col.
736 2457 813 2541 V,
850 2456 989 2545 VI),
1034 2457 1128 2522 ita
1174 2457 1351 2544 volgi
1399 2458 1617 2523 odium
1665 2462 1729 2522 et
1766 2458 2074 2523 invidiam
2112 2457 2365 2543 colligit

329 2561 431 2650 (Β,
473 2561 602 2649 19).
676 2563 814 2630 Nec
862 2565 1032 2630 enim
1081 2569 1367 2630 oratores
1415 2567 1587 2650 quod
1633 2565 1761 2649 ipsi
1807 2566 2033 2630 volunt
2073 2564 2364 2629 efficiunt

328 2673 658 2753 tamquam
696 2672 955 2755 tyranni
989 2671 1092 2760 (Β,
1123 2670 1212 2758 8),
1248 2672 1360 2737 sed
1388 2672 1604 2756 plebis
1632 2672 1984 2736 temeritati
2013 2672 2365 2736 servientes

330 2798 403 2840 ac
458 2776 689 2840 timore
748 2782 1066 2862 perpetuo
1125 2778 1440 2864 exagitati
1496 2778 1607 2865 (Β,
1650 2776 1720 2865 6)
1778 2782 2050 2863 propter
2096 2777 2366 2862 exiguas

330 2881 710 2966 plerumque
757 2905 980 2949 causas
1016 2883 1119 2949 vel
1158 2884 1413 2968 expulsi
1450 2884 1554 2949 vel
1590 2884 1914 2948 interfecti
1953 2888 2103 2949 sunt
2142 2883 2244 2971 (Β,
2275 2880 2364 2967 4).

333 2987 619 3073 Cumque
674 2990 849 3054 fluxa
903 2991 989 3055 sit
1044 2990 1381 3074 popularis
1436 3013 1590 3055 aura
1637 2994 1700 3054 et
1748 2990 2108 3074 periculosa
2155 2987 2367 3073 gratia

333 3094 594 3179 civium,
658 3096 862 3160 multo
928 3097 1167 3161 rectius
1232 3098 1312 3160 ad
1375 3097 1858 3180 philosophiam
1919 3094 2366 3178 confugiemus

329 3200 455 3318 Q
485 3199 613 3285 12).

478 3361 530 3429 1)
568 3376 697 3429 pap.
734 3366 838 3413 220
878 3358 1197 3430 significavi
1233 3359 1305 3428 A,
1344 3377 1475 3430 pap.
1509 3366 1646 3414 1078
1686 3360 1744 3412 et
1783 3362 1920 3410 1080
1957 3356 2020 3423 Β,
2059 3373 2191 3426 pap.
2226 3362 2364 3410 1669

334 3449 729 3502 continuam
768 3449 824 3503 C.
881 3449 1036 3504 Haec
1075 3447 1225 3502 enim
1265 3448 1385 3501 sine
1424 3447 1595 3502 dubio
1635 3446 1802 3498 finem
1839 3443 1973 3497 libri
2002 3445 2235 3499 exhibet
2260 3459 2367 3497 nec

331 3536 515 3591 multa
551 3540 684 3607 post
717 3554 849 3607 pag.
879 3543 984 3591 270
1023 3536 1217 3590 deesse
1257 3534 1515 3589 arbitror.
