2650 3903
1106 220 1193 230 —
1283 193 1462 247 XLVI
1554 221 1636 229 —

356 343 539 408 vanis
586 341 1085 427 enthymematis
1129 341 1460 406 hominem
1505 341 1908 426 veriloquum
1953 343 2228 428 fingunt,
2276 346 2382 428 qui

353 472 456 514 res
512 449 687 532 ipsas
733 448 1084 532 respiciens
1132 449 1212 512 ad
1258 450 1614 532 perfectam
1661 448 2048 514 rhetoricam
2093 449 2382 532 proxime

352 556 626 620 accedat.
729 555 912 632 Quod
970 554 1385 641 physiologia
1445 555 1583 619 fieri
1644 556 2040 621 contendunt
2263 555 2385 621 Sed

350 661 778 747 physiologus
826 662 893 725 in
940 661 1039 746 iis,
1087 683 1248 745 quae
1295 662 1675 726 felicitatem
1713 662 2016 747 efficiant,
2060 685 2209 727 vera
2248 685 2383 746 per-

353 768 602 851 spicere
648 790 779 833 non
826 773 1063 852 potest,
1112 768 1357 852 quippe
1407 768 1517 852 qui
1556 768 1731 852 boni,
1776 769 1931 853 veri,
1977 768 2132 832 iusti
2172 769 2383 855 cogni-

352 874 530 938 tione
571 875 838 939 orbatus
877 874 978 939 sit.
1043 873 1180 939 Nec
1219 878 1510 957 apparet,
1549 895 1676 957 quo
1714 877 1907 957 pacto
1945 896 2024 937 ex
2054 873 2382 938 universae

352 981 647 1045 veritatis
694 980 961 1045 scientia
1007 980 1077 1044 in
1123 979 1398 1065 singulis
1444 1002 1668 1044 verum
1714 980 2006 1066 indagari
2053 979 2263 1062 possit
2290 978 2382 1066 (32)

352 1084 795 1172 (VH—VIII).

485 1191 669 1268 Quod
730 1191 1005 1275 denique
1061 1192 1145 1256 ab
1205 1191 1488 1257 universi
1546 1191 1997 1257 observatione
2054 1193 2382 1275 profectus

349 1298 670 1362 forensem
724 1298 857 1362 vim
912 1303 978 1363 et
1028 1298 1405 1364 facultatem
1451 1299 1909 1364 diiudicatione
1958 1299 2231 1383 quadam
2277 1298 2385 1362 eli·

351 1404 707 1490 gendorum
761 1404 1292 1490 fugiendorumve
1352 1407 1519 1471 effici
1573 1407 1740 1491 vult,
1794 1406 1917 1470 hoc
1973 1404 2237 1489 exsequi
2284 1404 2383 1467 de-

352 1511 568 1575 bebat.
659 1510 780 1574 Est
838 1512 1010 1575 enim
1066 1513 1223 1578 satis
1278 1513 1656 1578 inauditum.
1874 1510 1999 1576 Sed
2042 1533 2124 1575 ne
2172 1510 2386 1575 sciunt

350 1615 609 1700 quidem
654 1616 1026 1704 physiologi
1072 1618 1142 1683 in
1189 1619 1633 1706 eligendorum
1671 1623 1735 1683 et
1772 1617 2225 1704 fugiendorum
2263 1617 2383 1681 dis·

351 1722 635 1807 crimine,
683 1745 846 1807 quae
885 1725 965 1788 ad
1001 1748 1218 1791 veram
1254 1727 1635 1792 felicitatem
1674 1727 1927 1808 ducant,
1975 1744 2265 1808 quaeque
2303 1722 2383 1785 ad

350 1851 582 1892 vanam
637 1851 822 1911 spem
880 1834 945 1893 et
992 1832 1299 1916 speciem,
1357 1834 1511 1917 quid
1558 1833 1635 1897 de
1683 1830 1925 1896 divitiis
1970 1827 2382 1894 indicandum

349 1934 435 2001 sit
494 1937 610 1999 etc.
686 1933 866 2022 (nam
916 1936 1075 2001 haec
1121 1943 1274 2003 sunt
1318 1937 1742 2026 philosophi).
1835 1936 2151 2017 Quoniam
2208 1934 2378 1999 enim

350 2042 673 2108 communi
712 2043 1000 2108 omnium
1038 2045 1343 2128 opinione
1372 2046 1787 2133 physiologia
1816 2068 1853 2109 a
1881 2067 2095 2109 rerum
2124 2041 2384 2107 utilium

349 2155 414 2215 et
475 2151 554 2214 ad
613 2149 815 2215 vitam
870 2152 1373 2218 necessariarum
1429 2152 1697 2217 scientia
1751 2151 2124 2237 longissime
2180 2149 2386 2232 abest,

348 2257 460 2319 illa
523 2256 668 2340 ipsa
728 2258 967 2340 exponi
1032 2260 1406 2342 oportebat,
1472 2258 1709 2342 quibus
1774 2256 2089 2340 expositis
2154 2254 2386 2318 eluxis-

348 2366 446 2426 set
511 2361 900 2425 rhetoricam
964 2366 1217 2444 partem
1275 2362 1725 2446 physiologiae
1780 2381 2187 2443 nequaquam
2243 2379 2384 2421 esse

348 2469 374 2556 (
484 2575 668 2652 Quod
713 2595 864 2637 vero
903 2576 1108 2637 artem
1145 2569 1591 2654 persuadendi,
1639 2590 1893 2653 quoque
1930 2566 2088 2631 velit
2127 2566 2384 2631 audien-

351 2681 516 2746 tium
571 2680 820 2745 animos
874 2676 1265 2762 perducendi
1319 2675 1543 2741 statim
1590 2678 1654 2738 et
1701 2679 2032 2757 tamquam
2080 2673 2251 2737 ultro
2301 2696 2382 2738 ex

350 2786 762 2872 physiologia
785 2785 962 2850 nasci
988 2784 1350 2868 profitetur,
1374 2782 1441 2846 id
1465 2803 1583 2865 per
1607 2802 1674 2845 se
1698 2780 1914 2863 ipsum
1935 2780 2388 2845 labefactatur.

345 2893 516 2959 Nam
574 2893 685 2977 qui
742 2892 899 2956 talia
944 2889 1219 2975 professi
1266 2888 1426 2954 artis
1473 2886 1989 2972 experimentum
2035 2886 2105 2951 in
2149 2886 2385 2972 volgus

348 2999 613 3083 faciant,
669 3021 743 3063 eo
800 2998 943 3082 ipso
999 3000 1327 3061 momento
1337 3045 1355 3079 ‚
1412 3016 1538 3078 quo
1596 2993 1873 3059 sentitur
1918 3016 2020 3058 ars
2029 3044 2047 3078 ,
2102 2992 2387 3057 artifices

348 3129 483 3171 esse
531 3104 932 3170 destiterunt.
1013 3103 1173 3168 Cum
1220 3102 1392 3166 enim
1438 3100 1701 3185 publice
1747 3100 1944 3163 verba
1982 3099 2078 3163 illi
2116 3098 2386 3181 faciunt,

348 3217 552 3277 artem
599 3210 1023 3297 persuadendi
1070 3210 1479 3293 profitentur,
1523 3230 1655 3273 non
1701 3210 1918 3271 autem
1956 3203 2383 3289 persuadendi

348 3324 416 3383 et
459 3342 589 3384 non
634 3317 916 3383 fallendi.
991 3315 1113 3394 Qui
1159 3338 1310 3380 vero
1359 3338 1425 3379 se
1473 3314 1611 3379 falli
1659 3313 1965 3396 sentiunt,
2012 3313 2237 3375 cavent
2284 3331 2384 3373 ca-

345 3426 679 3509 vendoque
727 3428 932 3489 artem
978 3422 1228 3487 irritam
1273 3421 1564 3486 reddunt.
1636 3419 1863 3503 Itaque
1912 3415 2387 3502 quodammodo

345 3532 677 3598 audientes
742 3531 898 3619 ipsi,
963 3552 1109 3596 cum
1173 3532 1380 3594 artem
1436 3526 1814 3612 dispiciunt,
1881 3522 2158 3587 artifices
2214 3523 2387 3586 fiunt
