2650 3903
1061 181 1135 189 —-
1232 152 1409 206 XLIV
1508 181 1581 189 -

305 308 462 390 test,
519 303 823 388 quoniam
879 302 1289 366 sanctitatem
1341 301 1536 366 animi
1585 301 1845 366 simulat
1891 301 2098 387 magis
2145 323 2337 386 quam

309 409 533 493 efficit,
577 413 654 501 ut
700 408 1109 472 simulatione
1155 407 1418 472 virtutis
1464 409 1870 472 commodum
1915 412 2199 494 quaerat,
2244 408 2338 472 ita

306 514 722 599 philosophia
767 537 984 579 veram
1031 513 1229 578 animi
1275 514 1659 579 medicinam
1704 515 1980 601 largitur
2016 554 2103 562 —-
2141 514 2337 578 virtu-

308 628 456 687 tem.
551 621 789 700 Quodsi
837 644 977 686 eam
1025 622 1238 687 doceri
1285 644 1476 706 posse
1521 626 1791 707 negant,
1845 622 1969 686 hoc
2014 627 2180 686 teste
2228 620 2338 686 So-

309 733 479 793 crate
526 729 596 792 in
641 727 977 812 politicam
1024 729 1244 812 potius
1291 728 1463 793 cadit
1510 732 1576 791 et
1622 726 2058 810 sophisticam.
2154 726 2337 792 Cum-

310 857 432 918 que
471 857 660 899 nemo
691 835 1059 899 oratoribus
1087 836 1272 918 peius
1301 834 1538 918 audiat,
1576 833 1841 897 ridicule
1872 836 2106 918 orator,
2145 855 2338 916 quem

310 941 632 1024 quidlibet
699 942 893 1028 volgo
963 940 1346 1024 persuadere
1412 963 1600 1024 posse
1666 945 1945 1025 ponunt,
2010 940 2206 1004 etiam
2271 962 2338 1003 se

309 1047 523 1130 ipsum
571 1048 814 1112 bonum
861 1070 995 1112 esse
1044 1046 1293 1111 civibus
1331 1068 1751 1130 persuasurus
1788 1047 2038 1112 dicitur.
2111 1046 2337 1131 Itaque

307 1152 640 1236 Euripidis
667 1154 828 1218 illud
855 1154 923 1218 in
944 1153 1191 1239 Oedipo
1211 1153 1656 1218 testimonium
1674 1152 1782 1241 (cf.
1802 1153 2049 1220 Nauck.
2080 1155 2154 1218 fr.
2178 1151 2338 1238 546)

309 1259 773 1343 philosophum
817 1284 949 1325 non
993 1261 1283 1327 movebit
1331 1259 1926 1349 (XXV—XXVII).

439 1365 667 1430 Potest
732 1367 1004 1450 denique
1070 1368 1327 1452 sapiens
1383 1367 1747 1432 calamitate
1803 1372 1869 1431 et
1922 1366 2171 1431 insidiis
2227 1388 2338 1450 op·

307 1472 529 1555 primi:
584 1471 1014 1557 turpitudine,
1072 1496 1265 1556 quam
1319 1475 1610 1537 rhetores
1665 1472 1745 1536 ad
1791 1477 1997 1536 rostra
2043 1471 2337 1536 attulisse

307 1583 536 1642 notum
583 1583 707 1663 est,
753 1577 1077 1662 inquinari
1121 1601 1254 1643 non
1299 1584 1534 1663 potest.
1629 1578 1915 1662 Cumque
1963 1580 2171 1642 omnis
2216 1579 2337 1642 vir-

308 1688 449 1748 tute
506 1683 781 1750 felicitas
836 1684 1266 1770 contineatur,
1322 1684 1764 1769 philosophia,
1821 1705 1982 1768 quae
2039 1689 2104 1748 et
2159 1684 2339 1748 vivos

309 1789 537 1854 mortis
601 1790 833 1855 timore
896 1790 1134 1856 liberat
1200 1796 1265 1855 et
1330 1796 1620 1855 mortuos
1681 1813 1815 1855 non
1879 1813 2014 1855 esse
2070 1791 2338 1855 miseros

309 1895 521 1982 docet,
578 1894 1052 1982 „inventionem
1108 1901 1173 1963 et
1228 1919 1416 1963 usum
1473 1919 1720 1983 eorum,
1782 1920 1944 1983 quae
2001 1897 2081 1962 ad
2136 1897 2337 1962 vitam

310 2004 568 2068 beatam
614 2005 1002 2090 pertineant,
1050 2006 1337 2070 omnium
1383 2028 1510 2070 una
1556 2006 1887 2092 porrigere
1935 2005 2203 2090 potest“.

772 2300 869 2352 De
915 2303 1319 2365 argumento
1367 2298 1524 2355 libri
1567 2298 1882 2366 proximi.

440 2426 916 2490 Difficillimum
954 2432 1053 2490 est
1090 2434 1545 2513 argumentum
1579 2427 1733 2490 libri
1770 2427 2118 2510 enucleare,
2157 2426 2340 2491 cuius

310 2533 511 2597 altera
548 2555 700 2617 pars
738 2532 1071 2615 deperdita
1108 2538 1224 2616 est,
1260 2534 1525 2597 alterius
1564 2536 1780 2596 autem
1809 2531 2015 2615 partis
2045 2531 2337 2617 singulae

310 2639 586 2725 paginae
625 2637 1012 2722 dimidiatae,
1050 2638 1417 2704 dimidiatae
1456 2638 1651 2703 etiam
1688 2637 2002 2702 laceratae
2041 2642 2106 2702 et
2145 2660 2337 2722 saepe

308 2768 652 2831 perperam
707 2744 1065 2829 descriptae
1120 2750 1287 2810 sunt.
1379 2745 1652 2829 Insuper
1702 2744 1966 2831 cognitu
2012 2744 2337 2810 interdum

312 2852 571 2916 difficile
609 2856 726 2935 est,
762 2856 982 2916 utrum
1008 2851 1425 2917 Philodemus
1462 2852 1765 2937 loquatur
1802 2874 1884 2915 an
1921 2852 2337 2917 adversarius.

307 2959 478 3024 Nam
542 2958 648 3023 hic
714 2979 969 3042 quoque
1032 2959 1201 3023 liber
1262 2959 1358 3024 nil
1419 2959 1546 3023 nisi
1611 2958 1979 3045 ἀναγραφὴ
2045 2964 2158 3024 est.
2260 2958 2336 3023 In

311 3088 437 3149 quo
488 3068 852 3148 opportune
900 3064 1157 3150 accidit,
1204 3065 1376 3149 quod
1422 3088 1672 3150 papyro
1714 3067 1838 3132 821
1875 3098 1957 3118 ==
1986 3066 2068 3130 H.
2097 3065 2187 3131 V2
2224 3064 2334 3147 VI,

316 3173 530 3237 1—-46
586 3170 756 3235 idem
810 3176 1151 3255 tractatur,
1211 3176 1284 3236 ut
1339 3172 1445 3236 hic
1500 3171 1633 3237 illic
1689 3172 1921 3237 clarius
1975 3172 2129 3256 quid
2179 3171 2335 3235 insit

309 3278 653 3343 videamus,

442 3385 662 3451 Possis
709 3392 924 3451 autem
970 3387 1141 3450 hunc
1184 3385 1428 3451 librum
1476 3387 1700 3451 eodem
1736 3386 1928 3451 titulo
1968 3383 2335 3468 inscribere,

311 3514 438 3576 quo
477 3493 830 3559 Metrodori
866 3494 1035 3558 liber
1076 3496 1240 3580 πρὸς
1276 3496 1433 3571 τοὺς
1469 3493 1597 3560 ἀπὸ
1636 3495 2072 3579 φυσιολογίας
2108 3488 2337 3575 λέγον-
