2650 3903
332 364 613 450 gendum
659 361 884 448 utique
924 370 1110 449 esset,
1158 366 1545 433 temeritatis
1585 369 1858 435 subinde
1898 394 2091 455 quam
2129 374 2368 457 passim

336 469 753 534 obscuritatis
790 470 1022 536 vitium
1062 471 1456 556 deprehendi
1494 475 1708 541 malui.
1765 476 1962 544 Velut
1991 479 2133 564 ipsa
2162 481 2369 565 prima

332 575 572 661 pagina
618 600 674 641 v.
720 579 829 662 13,
871 579 954 642 14
1009 582 1247 665 μορίου
1303 578 1692 667 interposui,
1753 585 1926 667 quod
1981 607 2369 672 quamquam

332 705 452 766 pro
487 681 907 767 exquisitiore
935 684 1152 749 nescio
1183 706 1312 768 quo
1342 687 1658 752 vocabulo
1688 689 1978 773 positum
2006 697 2122 777 est,
2155 698 2369 759 tamen

331 788 687 853 sententiae
745 791 877 854 fere
935 790 1270 859 satisfacit.
1362 792 1639 859 Omnino
1696 799 1913 860 autem
1971 796 2140 861 liber
2189 800 2369 884 alter,

330 900 647 979 quatenus
713 897 1054 961 restitutus
1122 902 1245 983 est,
1311 899 1448 963 sine
1515 922 1764 965 summa
1829 900 1898 966 in
1953 902 2365 969 coniectando

338 1001 602 1066 audacia
657 1002 913 1066 restitui
967 1025 1101 1067 11011
1156 1008 1431 1086 poterat.
1524 1004 1668 1070 Scio
1717 1030 1781 1090 p.
1819 1009 1924 1091 97,
1970 1009 2050 1073 18
2099 1012 2369 1075 verbum

330 1109 665 1196 ἀπράκτου
731 1132 864 1174 11011
920 1110 1275 1195 exstitisse,
1342 1134 1779 1197 synonymum
1836 1114 2040 1179 credo,
2141 1114 2369 1200 Neque

330 1215 627 1299 equidem
675 1216 835 1279 mihi
879 1239 1013 1281 non
1058 1218 1438 1283 temerarius
1480 1241 1619 1283 esse
1658 1219 1940 1308 videbar,
1988 1243 2134 1286 cum
2173 1245 2234 1305 p.
2268 1225 2369 1307 99,

329 1324 413 1387 28
454 1319 961 1407 Ἀπολλόδωρον
1014 1324 1389 1411 scriberem,
1446 1331 1511 1391 et
1557 1350 1620 1411 p.
1662 1328 1775 1412 99,
1815 1330 1855 1392 3
1896 1323 2219 1412 Ἐφεσίων
2265 1350 2369 1391 au-

330 1426 545 1491 daciae
584 1428 849 1493 crimine
886 1452 1020 1494 non
1056 1432 1318 1495 carebit.
1395 1431 1522 1497 Sed
1562 1432 1925 1498 Usenerum
1963 1434 2180 1516 ipsum
2218 1456 2369 1518 quo-

329 1556 452 1618 que
501 1536 570 1598 in
616 1536 733 1600 has
780 1558 967 1601 voces
1020 1537 1251 1601 deferri
1300 1537 1628 1622 videbam,
1676 1538 2094 1603 scitissimum
2140 1540 2368 1604 talium

328 1663 545 1706 rerum
583 1642 1078 1706 aestimatorem.
1153 1643 1274 1708 Est
1314 1643 1560 1728 aliquid
1597 1644 1985 1710 audendum:
2030 1645 2200 1711 liber
2235 1647 2368 1732 legi

330 1770 522 1830 posse
571 1749 790 1813 debet:
837 1749 940 1813 vel
988 1772 1066 1813 ex
1116 1771 1329 1814 errore
1376 1749 1668 1815 veritatis
1716 1772 1907 1835 saepe
1946 1752 2194 1817 fructus
2233 1773 2367 1816 suc-

335 1855 563 1919 crescit
612 1860 676 1918 et
724 1856 1100 1939 percipitur.

461 1960 584 2025 Sed
633 1963 892 2046 saepius
940 1987 1135 2048 quam
1174 1964 1627 2051 temeritatem,
1675 1986 1838 2049 quae
1878 1987 2133 2049 semper
2169 1966 2369 2029 habet

335 2068 581 2153 aliquid
627 2069 1143 2156 vituperationiS,
1190 2071 1563 2136 tarditatem
1611 2071 1856 2157 ingenii
1896 2072 2221 2157 quispiam
2258 2072 2370 2136 ob-

327 2175 644 2261 iurgabit,
703 2198 865 2260 quae
923 2183 1095 2243 caret
1154 2178 1360 2263 culpa.
1453 2179 1662 2245 Multa
1718 2178 1854 2244 sine
1912 2179 2111 2244 dubio
2167 2177 2369 2259 hiant,

329 2302 492 2363 quae
539 2287 842 2364 poterant
882 2286 1109 2349 sanari.
1188 2284 1501 2370 ConcedO,
1548 2287 1769 2349 Davus
1809 2308 1968 2368 sum,
2014 2308 2147 2349 non
2186 2282 2369 2347 Oedi-

328 2406 469 2468 puS.
563 2385 841 2450 Videant
898 2388 1033 2451 alii:
1089 2410 1207 2451 nec
1262 2412 1414 2453 vero
1468 2412 1610 2452 mea
1657 2389 1725 2452 in
1771 2395 2106 2472 posterum
2152 2390 2368 2452 Philo-

330 2492 522 2557 demo
571 2492 775 2556 deerit
822 2514 1033 2576 opera.

1114 2626 1151 2667 ³1:
1533 2626 1570 2667 ³1:

1323 2671 1362 2711 ἦέ

459 2810 726 2875 Praeter
765 2811 1062 2895 exempla
1099 2810 1535 2895 Neapolitana
1572 2811 1777 2877 musei
1815 2810 1980 2897 regii
2015 2809 2366 2876 Borbonici

327 2918 707 3004 apographa
748 2918 878 3002 issa,
925 2940 1087 3002 quae
1128 2917 1365 2984 Oxonii
1403 2920 1837 3002 adservantur,
1885 2918 2169 2983 adhibui.
2254 2918 2370 2982 At-

328 3047 453 3108 que
492 3024 751 3111 insigni,
790 3047 917 3109 qua
951 3025 1115 3090 solet
1147 3048 1303 3112 esse,
1343 3027 1748 3113 benignitate
1777 3025 2151 3091 Theodorus
2182 3024 2371 3091 Gom-

327 3154 505 3216 perz,
560 3133 792 3198 horum
850 3132 1211 3198 studiorum
1267 3134 1455 3199 facile
1511 3133 1788 3219 primUS,
1845 3154 1958 3198 sua
2005 3131 2164 3196 mihi
2213 3154 2368 3215 apo·

327 3239 604 3325 grapha,
660 3262 823 3324 quae
872 3238 1107 3304 Oxonii
1156 3240 1446 3305 facienda
1493 3244 1850 3324 curaverat,
1904 3238 2246 3323 concessit,
2293 3241 2369 3301 ut

328 3344 457 3408 iam
487 3351 833 3432 antequam
865 3346 1115 3411 exirent
1146 3352 1380 3433 ectypa
1409 3347 1868 3433 photographa
1892 3346 2370 3429 (Herculanean

316 3456 553 3536 papyri
596 3454 911 3520 Bodleian
952 3454 1351 3540 faosimiles),
1409 3454 1540 3517 illis
1596 3452 1694 3516 uti
1741 3474 2015 3536 possem.
2107 3450 2369 3533 Ectypa

325 3557 468 3642 ipsa
514 3563 670 3626 tunc
718 3561 973 3627 demum
1023 3560 1298 3648 contuli,
1348 3584 1495 3628 cum
1541 3581 1774 3647 magna
1821 3580 1973 3644 pars
2021 3554 2370 3621 voluminis
