2650 3903
1148 201 1594 253 —XL—

488 352 729 429 Quarto
768 349 938 413 libro
978 349 1059 412 ad
1096 349 1353 435 singula
1389 350 1724 414 rhetorum
1760 355 2105 434 praecepta
2135 350 2388 415 descen-

354 459 510 521 dens
556 455 742 521 illum
789 460 1003 520 totum
1045 460 1434 539 apparatum
1470 456 1564 520 nil
1596 456 1806 520 valere
1845 456 1925 520 ad
1961 457 2387 540 persuadendi

355 569 560 629 artem
606 563 709 627 vel
755 563 835 626 ad
881 562 1359 627 institutionem
1404 562 1740 627 liberalem
1787 563 2057 647 exponit
2103 585 2175 628 ac
2212 565 2388 628 fatue

356 671 503 735 illos
565 674 701 734 arte
758 691 871 734 sua
927 673 1258 753 tamquam
1312 673 1580 754 parente
1631 668 1996 734 litterarum
2044 675 2109 733 et
2154 670 2391 734 artium

355 775 637 861 gloriari.
713 773 896 852 Quod
942 779 1158 839 autem
1204 775 1268 840 in
1318 777 1445 839 fine
1491 774 1684 839 huius
1728 774 1883 838 libri
1931 780 2391 840 commemorat

357 881 522 967 μέρη
580 879 688 947 καὶ
742 881 1111 965 διδάγματα
1158 890 1272 965 τῆς
1317 882 1668 966 ῥητορικῆς
1722 878 1911 966 (223,
1959 882 2026 965 6,
2077 879 2173 967 7),
2229 881 2392 945 illud

356 988 437 1051 ad
491 988 735 1052 librum
780 986 1019 1072 I—IH,
1074 987 1197 1051 hoc
1254 987 1335 1050 ad
1389 986 1632 1051 librum
1682 985 1777 1052 IV
1821 986 2227 1051 referendum
2275 991 2389 1050 est.

360 1094 646 1177 Cumque
714 1093 920 1157 adhuc
983 1093 1341 1157 rhetoricae
1407 1097 1626 1176 partes
1693 1115 1766 1157 ac
1821 1098 2168 1178 praecepta
2225 1092 2390 1157 nihil

358 1201 663 1284 prodesse
729 1199 1242 1265 demonstratum
1306 1199 1420 1284 sit,
1493 1199 1828 1283 aptissime
1895 1223 1960 1265 se
2026 1199 2392 1263 additurum

359 1306 866 1389 disputationem
904 1306 1231 1390 promittit
1279 1306 1351 1370 in
1394 1307 1522 1370 fine
1568 1306 1762 1372 huius
1807 1306 1979 1391 libri,
2029 1329 2153 1390 qua
2197 1305 2393 1369 etiam

357 1435 586 1476 nocere
662 1413 883 1477 fraude
957 1413 1229 1477 mixtam
1301 1412 1690 1478 rhetoricam
1765 1416 2090 1496 appareat.
2211 1411 2395 1488 Quod

358 1520 529 1583 libro
575 1519 639 1584 V
685 1518 1055 1602 expositum
1103 1542 1240 1583 esse
1286 1520 1421 1584 veri
1470 1519 1677 1584 simile
1726 1524 1840 1583 est.

939 1815 1035 1868 De
1084 1815 1488 1882 argumento
1534 1809 1692 1866 libri
1737 1811 1818 1867 V.

500 1944 625 2010 Hic
663 1944 848 2030 liber,
889 1967 1080 2029 quem
1121 1943 1348 2029 quinto
1387 1943 1528 2008 loco
1567 1943 1775 2028 posui,
1814 1967 1892 2008 ex
1922 1965 2174 2028 papyro
2209 1944 2397 2029 1669,

367 2074 530 2136 quae
579 2051 882 2116 continua
930 2055 1046 2134 est,
1093 2055 1158 2114 et
1204 2050 1475 2134 papyris
1512 2052 1662 2133 220,
1704 2052 1891 2135 1078,
1933 2053 2107 2118 1080
2145 2055 2397 2115 constat

363 2157 470 2245 (cf.
515 2182 577 2242 p.
616 2157 783 2245 XH).
858 2157 1042 2234 Quod
1089 2163 1154 2222 et
1201 2161 1582 2245 argumento
1632 2162 1696 2221 et
1744 2159 1951 2221 forma
1997 2157 2412 2242 singularum,

365 2264 651 2347 partium
698 2264 1121 2328 demonstrari
1169 2268 1405 2347 potest.
1478 2264 1630 2331 Non
1667 2267 1886 2347 potest
1924 2286 2043 2347 pro
2084 2268 2257 2328 certo
2297 2264 2398 2327 de-

365 2369 709 2434 monstrari
765 2369 934 2432 hunc
980 2369 1225 2433 librum
1273 2370 1574 2453 quintum
1620 2392 1784 2454 esse,
1842 2369 2012 2453 quod
2058 2368 2217 2432 mihi
2265 2369 2401 2453 qui-

368 2477 512 2540 dem
568 2498 647 2539 ex
702 2474 805 2538 his
859 2472 1220 2539 Philodemi
1278 2476 1398 2540 sub
1455 2477 1650 2539 finem
1704 2475 1858 2540 libri
1917 2475 2126 2560 quarti
2182 2474 2401 2538 verbis

364 2583 498 2648 veri
566 2582 775 2648 simile
840 2580 1207 2645 videbatur:
1284 2582 1384 2647 ὅτι
1449 2580 1559 2647 καὶ
1622 2582 1919 2666 βλάπτει,
1957 2588 2401 2667 προστεθεῖσα

368 2691 668 2774 ἀπάταις,
715 2691 810 2767 εἰς
854 2690 1060 2754 ἄλλον
1098 2691 1333 2775 καιρὸν
1370 2688 1558 2773 ἡμεῖς
1592 2690 2159 2774 ὑπερβαλλόμεθα.
2230 2687 2401 2754 Nam

366 2797 489 2859 hoc
536 2797 753 2878 ipsum
800 2801 898 2860 est
945 2800 1400 2882 argumentum
1445 2794 1638 2859 huius
1683 2795 1857 2879 libri,
1903 2794 2289 2859 rhetoricam
2336 2798 2403 2856 et

367 2900 459 2963 rei
517 2900 817 2983 publicae
874 2906 939 2966 et
995 2902 1157 2987 ipsis
1213 2902 1583 2967 oratoribus
1633 2923 1890 2985 nocere,
1949 2901 2121 2984 quod
2166 2899 2402 2965 Sextus

368 3005 606 3091 aliique
663 3008 1045 3090 proferendo
1103 3008 1492 3073 rhetoricam
1547 3012 1751 3072 artem
1803 3028 1940 3071 esse
1985 3010 2402 3092 negaverunt.

369 3112 493 3179 Sed
541 3136 666 3198 quo
714 3113 903 3177 modo
952 3136 1202 3198 cunque
1249 3138 1352 3180 res
1390 3119 1505 3199 est,
1549 3135 1738 3179 nemo
1777 3135 1898 3197 me,
1946 3113 2194 3197 opinor,
2239 3111 2404 3175 vitu-

368 3221 628 3305 perabit
674 3220 768 3285 ita
812 3220 1328 3286 ratiocinantem:
1378 3221 1681 3305 quoniam
1718 3220 2135 3285 Philodemus
2171 3218 2241 3283 in
2276 3219 2406 3282 fine

366 3327 522 3390 libri
560 3326 753 3409 primi
804 3331 868 3391 et
916 3327 1176 3390 secundi
1224 3327 1300 3391 de
1345 3332 1727 3413 argumento
1767 3327 2211 3412 proximorum
2249 3326 2408 3411 agit,

367 3432 502 3494 veri
561 3432 769 3496 simile
825 3438 923 3497 est
980 3455 1126 3497 eum
1171 3433 1294 3498 hoc
1339 3434 1482 3497 loco
1532 3434 1742 3519 quinti
1791 3434 2205 3517 potissimum
2250 3431 2409 3496 libri

361 3540 824 3621 argumentum
871 3538 1267 3602 adumbrare.
1361 3538 1485 3603 Sed
1531 3540 1688 3604 haec
1737 3540 1867 3604 scio
1917 3539 2113 3603 dubia
2161 3560 2314 3602 esse.
