2650 3903
369 1123 437 1188 Si
492 1145 773 1209 possem,
826 1123 985 1188 haec
1029 1122 1393 1188 Philodemi
1449 1124 1526 1189 de
1572 1125 1894 1192 rhetorica
1937 1126 2267 1192 volumina

234 1231 580 1296 retinerem
645 1235 709 1295 et
774 1235 1189 1296 retractarem
1244 1231 1468 1314 potius
1522 1255 1717 1316 quam
1772 1233 2040 1298 ederem.
2142 1232 2268 1298 Sed

233 1338 439 1405 multa
486 1361 587 1403 me
635 1342 1057 1422 commovent,
1103 1342 1177 1402 ut
1225 1359 1387 1422 quae
1433 1339 1709 1404 habeam
1756 1340 2016 1405 tandem
2064 1340 2264 1405 edam.

230 1444 402 1513 Nam
457 1450 522 1511 et
577 1466 926 1530 puerorum
982 1444 1084 1509 vel
1141 1444 1433 1511 educatio
1489 1447 1591 1511 vel
1646 1446 1974 1513 institutio
2030 1469 2133 1511 me
2181 1447 2263 1510 ab

231 1552 352 1616 hac
408 1551 768 1617 studiorum
822 1550 1188 1617 subtilitate
1244 1552 1453 1639 magis
1508 1554 1845 1640 magisque
1897 1555 2153 1618 revocat
2201 1557 2267 1615 et

233 1658 565 1743 amplioris
620 1658 918 1723 lectionis
973 1658 1208 1723 cotidie
1264 1664 1480 1724 movet
1537 1658 1950 1744 desiderium,
2017 1663 2080 1722 et
2129 1657 2269 1723 infi-

229 1766 352 1830 niti
412 1764 656 1830 laboris
712 1764 946 1849 aliquis
1000 1765 1262 1831 tandem
1315 1764 1467 1831 finis
1522 1765 1852 1831 faciendus
1908 1764 2267 1847 videbatur,

236 1876 300 1934 et
337 1871 765 1956 complurium
795 1872 1208 1937 contentione
1238 1877 1302 1937 et
1332 1872 1568 1937 iudicio
1598 1871 2085 1958 philologorum
2115 1870 2265 1955 plus

233 1977 402 2040 effici
458 1999 652 2058 quam
706 1978 896 2043 unius
954 2001 1151 2062 opera
1206 1983 1511 2063 expertus
1566 1979 1716 2044 scio.
1808 1977 1905 2043 Ac
1962 2002 2111 2063 spes
2168 1982 2267 2042 est

231 2081 336 2144 his
382 2080 822 2174 voluminibus
860 2083 1050 2148 editis
1088 2085 1374 2150 virorum
1412 2086 1749 2149 doctorum
1786 2085 2006 2149 oculos
2044 2084 2112 2147 in
2148 2083 2266 2147 has

233 2186 541 2270 reliquias
589 2188 876 2250 converti
924 2209 1134 2272 posse,
1182 2211 1341 2272 quas
1390 2210 1536 2253 cum
1573 2190 1653 2251 ad
1691 2189 2055 2252 scholarum
2090 2187 2267 2253 illius

233 2293 464 2358 aetatis
502 2293 676 2357 rixas
714 2293 1285 2378 contentionesque
1323 2294 1586 2379 penitus
1615 2293 2095 2379 perspiciendas
2125 2300 2266 2361 tum

231 2400 311 2463 ad
366 2399 723 2465 rhetoricae
770 2400 984 2466 studia
1030 2400 1413 2467 illustranda
1459 2401 1678 2488 magni
1725 2403 1920 2486 pretii
1969 2424 2106 2466 esse
2155 2425 2266 2466 ex-

230 2507 466 2571 istim0.
532 2507 827 2592 Denique
867 2508 1063 2573 etiam
1101 2508 1177 2573 de
1205 2509 1477 2593 Epicuri
1506 2509 1924 2593 philosophia
1950 2508 2264 2574 nonnulla

228 2614 375 2678 inde
423 2613 824 2679 addiscimus

361 2719 749 2803 Priusquam
786 2723 1005 2785 autem
1043 2719 1119 2784 de
1157 2721 1429 2786 materia
1467 2725 1532 2784 et
1560 2721 2031 2805 compositione
2061 2718 2264 2784 totius

228 2826 444 2909 operis
475 2825 891 2910 disputarem,
927 2848 1133 2910 pauca
1159 2826 1635 2912 praemittenda
1661 2827 2065 2911 videbantur,
2100 2846 2263 2910 quae

228 2931 309 2994 ad
368 2931 584 3014 ipsum
644 2936 898 2999 textum
958 2933 1304 3016 pertinent.
1406 2931 1482 2998 In
1542 2954 1670 3016 quo
1726 2932 2075 3019 redigendo
2131 2953 2264 2995 non

228 3035 456 3101 dubito
504 3037 662 3121 quin
707 3039 896 3103 multi
944 3061 1046 3103 me
1094 3039 1395 3104 audaciae
1441 3038 1877 3105 insimulaturi
1915 3039 2062 3103 sint.
2138 3036 2263 3102 Sed

226 3143 349 3208 hoc
396 3143 712 3228 inprimiS,
759 3145 1010 3230 opinor,
1055 3145 1403 3211 videndum
1442 3150 1596 3230 erat,
1643 3150 1716 3209 ut
1763 3167 1910 3210 cum
1955 3143 2263 3207 miserum

225 3250 608 3337 plerumque
656 3255 720 3316 et
765 3251 1055 3316 hiantem
1103 3256 1358 3317 textum
1402 3252 1807 3333 haberemuS,
1852 3252 2070 3313 vastae
2113 3246 2262 3309 illae

224 3356 516 3442 lacunae,
573 3378 736 3441 quae
793 3357 1025 3423 seriem
1082 3354 1147 3422 et
1200 3356 1752 3423 continuationem
1799 3352 2263 3418 sententiarum

226 3463 766 3546 complexumque
812 3464 1160 3529 verborum
1208 3464 1600 3546 dirimerent,
1647 3461 1893 3526 coirent
1941 3465 2005 3525 et
2049 3458 2261 3542 exple-

227 3574 464 3634 rentur.
551 3569 840 3654 Cumque
890 3571 1144 3636 duobus
1190 3569 1379 3635 malis
1427 3567 1783 3653 propositis
1831 3567 2107 3632 alterum
2154 3563 2261 3627 eli·

2317 3816 2344 3902 ὲ

2441 3510 2528 3559 fd*
