2650 3903
1053 201 1545 255 ....XLV—

279 378 394 430 τας
432 353 732 436 ἀγαθοὺς
759 346 932 416 εἶναι
962 351 1243 436 ῥήτορας
1269 351 1622 435 inscriptus
1653 356 1789 416 erat
1819 350 1928 439 (cf.
1959 375 2021 435 p.
2051 352 2138 417 54
2157 350 2314 437 fin..)

278 459 497 542 Atque
543 459 611 522 in
657 458 738 521 iis
784 457 964 541 ipsiS,
1011 479 1172 541 quae
1213 462 1578 541 supersunt,
1624 458 1962 542 bipertitio
2002 458 2315 542 quaedam

278 569 571 649 apparet.
663 564 1005 641 Quaeritur
1050 564 1247 649 enim,
1299 568 1517 628 utrum
1563 566 1645 629 ab
1696 564 1837 648 ipsa
1884 564 2107 629 statim
2152 566 2312 648 phy·

280 671 556 756 siologia
601 670 866 734 habitus
913 670 1173 754 quidam
1218 670 1575 735 rhetoricae
1621 671 1949 736 facultatis
1995 668 2156 758 (ἕξις
2202 680 2315 753 τῆς

282 778 636 861 ῥητορικῆς
682 774 1054 861 δυνάμεως)
1111 776 1553 862 conquiratur,
1612 800 1695 841 an
1752 778 1947 842 etiam
2003 800 2167 861 opus
2229 777 2315 841 sit

279 905 404 947 usu
461 886 525 946 et
582 882 1039 946 exercitatione
1096 883 1355 947 forensi.
1445 882 1810 968 Utrumque
1858 883 2030 948 enim
2076 885 2157 948 ab
2207 884 2311 949 ad-

284 989 585 1054 versariis
632 989 1011 1053 defenditur.
1026 987 1078 1075 ¹)

420 1095 687 1181 Quodsi,
734 1095 948 1179 inquit
991 1095 1436 1182 PhilodemuS,
1483 1096 1614 1175 ἓξις
1659 1120 1759 1174 τις
1803 1106 1917 1180 τῆς
1963 1097 2311 1182 ῥητορικῆς

284 1202 630 1286 δυνάμεως
692 1224 729 1265 a
793 1201 1206 1288 physiologia
1262 1202 1458 1266 inseri
1515 1208 1764 1288 posset,
1827 1202 1984 1267 haec
2039 1202 2313 1267 facultas

282 1312 453 1372 esset
509 1312 621 1372 aut
676 1308 1031 1392 sophistica
1086 1313 1197 1372 aut
1252 1308 1545 1394 politica,
1599 1313 1711 1373 aut
1758 1308 2200 1395 eligendorum
2248 1313 2313 1373 et

279 1415 736 1501 fugiendorum
809 1415 1043 1479 notitia
1117 1415 1392 1498 quadam
1464 1415 1916 1481 contineretur.
2035 1414 2312 1480 Omnino

279 1526 501 1585 autem
564 1521 949 1587 rhetoricam
1007 1521 1384 1586 facultatem
1437 1522 1518 1587 ad
1571 1522 1638 1586 id
1693 1522 2014 1606 pertinere
2069 1520 2314 1604 volunt,

287 1627 462 1711 quod
507 1628 608 1691 vel
654 1628 915 1711 publice
961 1628 1063 1692 vel
1109 1628 1416 1712 privatim
1462 1628 1764 1713 prodesse
1803 1628 2011 1711 possit
2057 1627 2204 1715 (col.
2233 1627 2312 1711 Π,

283 1758 348 1817 p.
387 1732 565 1820 283).
655 1734 759 1798 Ex
816 1733 1052 1818 quibus
1107 1735 1268 1799 illud
1321 1736 1604 1818 primum
1654 1734 1841 1799 facile
1888 1734 2310 1820 redarguitur.

278 1839 453 1904 Nam
500 1840 632 1904 sive
679 1840 1009 1923 publicam
1055 1841 1187 1905 sive
1235 1841 1555 1925 privatam
1593 1841 1944 1906 utilitatem
1982 1840 2312 1924 sophistae

284 1946 547 2031 quidam
575 1947 875 2031 persequi
904 1953 1226 2034 poterant,
1262 1971 1395 2014 non
1424 1972 1501 2013 ex
1532 1948 1886 2034 sophistica
1915 1948 2025 2014 sed
2053 1947 2310 2013 aliunde

280 2055 442 2117 haec
487 2054 759 2119 facultas
805 2056 1083 2139 repetita
1130 2060 1229 2120 est
1277 2107 1334 2119 ..
1365 2108 1378 2119 .
1433 2055 1510 2120 In
1556 2056 1754 2120 dubio
1801 2061 2017 2120 autem
2065 2055 2172 2118 ille
2219 2078 2310 2118 re-

278 2160 550 2244 linquit,
614 2183 741 2244 quo
805 2162 994 2227 modo
1055 2185 1092 2226 a
1149 2160 1519 2245 cognitione
1575 2161 1855 2224 universi
1911 2159 2311 2246 singularum

277 2288 502 2330 rerum
554 2266 817 2332 scientia
871 2268 1024 2333 oriri
1080 2267 1315 2352 possit,
1378 2289 1666 2352 quaeque
1722 2266 1956 2331 similia
2013 2271 2189 2353 sunt,
2246 2272 2310 2331 et

280 2394 450 2456 quae
514 2373 801 2438 veritatis
866 2378 930 2438 et
994 2374 1481 2458 probabilitatis
1535 2374 1879 2440 relationes
1935 2376 2310 2439 statuendae

281 2479 416 2543 sint
621 2479 905 2565 Cumque
954 2482 1285 2565 sophistae
1332 2504 1452 2565 pro
1498 2482 1896 2568 argumentis
1942 2487 2008 2545 et
2056 2482 2309 2547 demon-

279 2585 709 2650 strationibus
774 2587 1254 2671 enthymemata
1317 2593 1649 2673 tamquam
1714 2587 1948 2652 similia
2009 2591 2073 2650 et
2129 2588 2310 2669 paria

281 2690 417 2755 illis
461 2692 812 2777 venditent,
857 2693 1014 2758 haec
1061 2699 1202 2759 toto
1250 2717 1483 2781 genere
1530 2695 1700 2758 inter
1745 2716 1812 2758 se
1852 2693 2112 2777 distant,
2160 2715 2309 2776 quo-

281 2797 460 2861 niam
508 2797 970 2864 demonstratio
1019 2800 1161 2884 ipsa
1196 2801 1468 2865 veritate
1506 2800 1762 2885 nititur3
1809 2799 1990 2865 cuius
2029 2799 2083 2864 si
2121 2799 2310 2863 detri-

276 2907 573 2969 mentum
619 2906 713 2990 fit,
759 2927 890 2970 non
935 2907 1275 2990 probabile
1324 2907 1604 2972 efficitur
1648 2907 1760 2970 sed
1807 2907 2066 2971 omnino
2109 2907 2206 2972 vis
2244 2911 2309 2971 et

273 3010 461 3074 notio
508 3011 800 3077 veritatis
846 3013 1114 3078 tollitur.
1190 3013 1430 3090 Quodsi
1477 3013 1590 3076 illa
1626 3035 1729 3078 ars
1766 3036 1844 3077 ex
1881 3012 2116 3076 notitia
2151 3013 2310 3076 veri-

274 3115 436 3179 tatis
484 3116 761 3199 pendere
808 3118 1068 3204 dicitur,
1116 3142 1242 3204 qua
1288 3124 1533 3204 carent,
1579 3142 1682 3184 ars
1730 3141 1866 3183 esse
1912 3140 2043 3181 non
2089 3121 2307 3200 potest

410 3328 637 3411 Itaque
703 3330 955 3397 abiecta
1019 3333 1373 3417 sophistica
1438 3337 1503 3395 et
1559 3329 1811 3394 omissis
1868 3327 2307 3411 sophistarum

428 3559 478 3625 1)
518 3559 586 3612 cf.
624 3577 752 3630 pap.
784 3565 904 3630 821,
943 3562 1049 3617 col.
1080 3561 1223 3616 XVI.
