2650 3903
509 0 761 14 WA
778 1 841 9 L*-
938 1 949 6 -
990 1 1051 4 ·-ᾃω
1076 1 1083 6 -
1216 1 1229 4 Α
1343 1 1348 2 ⁷
1375 1 1390 2 ἶ
1417 1 1480 3 ἡῖ

294 404 649 491 ῥητορικὴν
686 401 993 467 videatur.
1041 400 1412 467 Inauditum
1441 406 1557 486 est,
1590 403 1761 486 quod
1789 424 1851 486 p.
1887 402 2032 488 185,
2061 403 2323 469 24—26

290 511 556 597 legitur:
620 509 921 596 καθάπερ
978 508 1105 592 ἐγὼ
1162 505 1284 594 μὲν
1342 510 1596 575 τούτων
1650 509 1862 575 πολλὰ
1907 511 2168 592 κάγαθὰ
2214 530 2325 574 πε-

288 613 510 702 ποίηκ’
573 617 773 693 αὐτὸς
838 615 949 702 (sc.
1009 614 1242 694 λέξεως
1295 613 1667 703 καχεξίαςὶ).
1758 615 2042 680 Litterae
2108 620 2325 680 tamen

292 745 592 809 magnae,
648 722 983 806 pulchrae,
1040 722 1378 788 distinctae
1438 727 1614 807 sunt,
1669 722 1737 786 in
1786 721 1838 786 O
1895 727 2111 787 autem
2166 722 2325 786 satis

297 831 678 914 discrepant.
771 826 897 895 Sed
956 829 1251 915 graviora
1304 829 1682 893 adscribam.
1776 827 2150 913 Quicunque
2205 827 2324 893 X12

292 937 400 1002 fol.
445 937 794 1002 126—128
853 935 1236 1020 inspexerit,
1292 957 1455 1019 quae
1503 935 1763 1019 quidem
1809 935 1965 1000 folia
2011 935 2323 1000 continui-

293 1044 451 1109 tatis
507 1041 789 1126 speciem
843 1043 1186 1127 praebent,
1240 1064 1374 1106 non
1419 1042 1606 1107 facile
1655 1042 1731 1106 de
1779 1042 2323 1107 contaminatione

290 1149 751 1233 suspicabitur.
852 1147 1163 1215 Attamen
1223 1149 1363 1213 folii
1429 1151 1556 1215 126
1616 1171 1766 1233 pars
1827 1148 2122 1233 superior
2183 1170 2326 1213 con·

290 1256 476 1344 gruit
520 1279 666 1321 cum
712 1276 860 1341 pag.
900 1258 941 1320 9
990 1255 1127 1320 eius
1164 1254 1529 1339 voluminiS,
1577 1256 1749 1339 quod
1785 1255 1935 1343 περὶ
1975 1257 2326 1342 ῥητορικῆς

290 1365 840 1448 ὑπομνηματικὸν
894 1361 1300 1446 inscribitur,
1360 1383 1512 1445 pars
1563 1361 1833 1427 inferior
1886 1384 2033 1427 cum
2087 1362 2325 1447 ὑπομν.

292 1492 444 1555 pag.
510 1470 578 1534 51
651 1469 937 1552 itemque
1004 1467 1145 1533 folii
1214 1469 1339 1534 128
1406 1489 1557 1552 pars
1620 1469 1915 1553 superior
1979 1469 2329 1552 respondet

292 1577 534 1660 ὑπομν.
580 1595 727 1661 pag.
770 1578 877 1658 11,
924 1596 1076 1658 pars
1123 1573 1390 1640 inferior
1436 1577 1676 1661 ὑπομν.
1724 1597 1870 1662 pag.
1915 1576 2023 1640 10!

432 1680 703 1766 Saepius
759 1680 1017 1768 accidit,
1072 1685 1148 1745 ut
1192 1682 1557 1768 fragmenta
1602 1704 1814 1747 errore
1863 1681 1965 1747 bis
2014 1682 2327 1747 describe·

296 1792 535 1853 rentur.
630 1787 934 1852 Conferas
981 1808 1219 1872 quaeso

501 1893 651 1960 VIP
697 1894 805 1959 fol.
845 1896 949 1979 38,
995 1894 1070 1960 fr.
1112 1896 1152 1960 6
1244 1899 1309 1959 a
1400 1893 1550 1960 V112
1596 1895 1848 1979 f01.42,
1894 1895 2110 1961 fr.12.

616 2019 798 2067 αισιν
1547 2027 1587 2068 κ
1615 2052 1629 2067 .
1662 2054 1674 2068 .
1706 2055 1718 2069 .
1752 2004 1907 2068 δυσι

619 2126 830 2174 ιτιστα
1548 2127 1731 2173 ‘now

619 2237 726 2297 εγε
756 2264 770 2279 .
799 2240 842 2279 υ
1542 2237 1681 2296 ayo
1712 2262 1727 2277 .
1755 2238 1798 2277 v

620 2338 870 2386 ονακασ
1543 2324 1750 2385 οναλα

618 2428 919 2492 aaa-ada
1539 2444 1797 2493 παστασ

619 2555 865 2619 vacuom
1535 2553 1841 2620 ανπαρασ

621 2643 886 2706 ονεπιδε
1533 2644 1811 2707 ωνεπιδε

622 2748 944 2813 τωνειὸοσ
1533 2750 1864 2821 τωνσιδοσ

626 2870 981 2940 τουσηστιν
1534 2872 1817 2940 ουσηστο

621 2961 959 3026 ’κυδαινει
1530 2962 1902 3027 ’κυὸαινθα

621 3089 993 3132 καιταυτειν
1529 3091 1763 3134 καιταυ
1794 3118 1808 3133 .
1839 3092 1880 3149 ²!
1984 3091 1989 3097 ·

433 3169 564 3235 Vix
626 3173 857 3238 melius
922 3194 1115 3257 quam
1177 3174 1301 3238 hoc
1366 3175 1663 3258 exemplo
1729 3174 2040 3239 illustrari
2105 3176 2332 3259 possit,

299 3300 497 3362 quam
544 3277 790 3343 incerta
827 3301 1146 3364 quamque
1186 3278 1407 3366 exigui
1443 3280 1640 3364 pretii
1677 3280 1833 3345 talia
1871 3281 2019 3365 sint,
2067 3304 2212 3346 cum
2249 3304 2329 3345 ne

297 3405 468 3449 unus
516 3385 776 3469 quidem
822 3409 1043 3451 versus
1082 3386 1273 3471 plane
1314 3391 1642 3472 congruat.
1718 3386 1842 3452 Sed
1879 3386 2083 3451 multo
2122 3387 2332 3472 magis

300 3490 712 3577 admiramur,
761 3493 932 3577 quod
978 3516 1041 3577 p.
1081 3492 1228 3576 225,
1276 3491 1391 3556 ubi
1439 3492 1513 3556 fr.
1556 3496 1589 3557 1
1642 3496 1707 3554 et
1755 3492 1796 3556 5
1844 3489 2142 3556 similiter
2188 3513 2331 3556 con-

302 3603 564 3684 gruunt,
613 3598 888 3664 alterum
925 3599 1202 3664 mediam
1241 3601 1496 3682 partem
1533 3596 1827 3683 paginae,
1873 3597 2148 3662 alterum
2187 3597 2332 3658 dex-
