2650 3903
1136 198 1539 248 ..X-

320 351 487 411 tram
534 349 787 429 partem
835 344 1071 428 explet.
1149 343 1270 420 Qui
1316 344 1440 410 hoe
1486 345 1625 409 fieri
1673 346 1934 430 potuit?
2007 346 2100 412 Ut
2140 348 2354 412 brevis

317 454 455 537 sim,
501 450 918 535 Neapolitani
967 450 1022 514 si
1061 472 1186 540 qua
1225 451 1461 537 exigua
1498 453 1775 517 frustula
1811 453 2162 539 habebant,
2209 454 2352 518 istis

320 557 611 642 reliquiis
649 557 1008 644 marginem
1046 556 1445 642 addiderunt,
1494 580 1656 643 quae
1696 561 1976 645 deerant,
2023 566 2353 645 tamquam

320 665 682 729 ornamenti
744 664 954 751 gratia
1010 663 1496 748 compleverunt
1554 669 1618 728 et
1673 664 1742 728 in
1796 667 2086 752 integrae
2149 688 2352 752 paene

319 771 595 857 paginae
625 768 905 853 speciem
935 769 1338 854 redegerunt.
1377 768 1656 834 Evolvas
1686 769 2024 854 quodlibet
2052 771 2355 837 volumen

318 877 717 942 collectionis
765 876 1028 940 alterius
1076 873 1228 962 (vol.
1257 873 1580 962 VI—XI),
1628 898 1755 960 quo
1803 876 2167 960 fragmenta
2206 899 2348 941 oon-

318 984 662 1049 tineantur.
736 983 890 1048 Mox
938 981 1225 1046 invenies
1263 982 1645 1067 fragmenta,
1693 1003 1854 1066 quae
1892 1003 1973 1046 ex
2013 981 2214 1045 altera
2251 982 2354 1045 vel

315 1112 393 1154 ex
455 1095 731 1174 utraque
792 1093 976 1172 parte
1039 1088 1317 1151 contrita
1378 1091 1595 1152 tamen
1653 1087 1943 1173 margine
2002 1087 2220 1152 addito
2283 1088 2348 1152 in

314 1196 597 1280 speeiem
670 1193 992 1278 quandam
1066 1193 1463 1279 integritatis
1532 1194 1753 1258 refieta
1818 1199 1984 1259 sunt.
2094 1194 2351 1281 Demas,

314 1325 579 1388 quaeso,
645 1323 807 1386 quae
875 1299 1232 1386 marginem
1300 1300 1610 1365 efficiant:
1676 1300 2112 1366 additamenta
2172 1306 2350 1365 sunt:

312 1409 500 1473 facile
540 1431 613 1472 ea
653 1406 903 1472 fissuris
942 1406 1329 1491 quibusdam
1367 1406 1781 1492 internosceS,
1820 1406 2059 1491 quibus
2095 1406 2350 1490 Neapo-

312 1514 550 1579 litanos
598 1513 1033 1577 additamenta
1081 1534 1195 1577 sua
1242 1512 1607 1599 significare
1653 1512 1932 1577 voluisse
1970 1517 2150 1597 put0.
2221 1511 2348 1597 Op-

313 1621 471 1685 time
518 1623 641 1686 hoo
688 1642 893 1706 genus
939 1619 1167 1684 edendi
1216 1619 1578 1684 illustratur
1615 1618 1766 1684 V112
1811 1619 1920 1684 fol.
1964 1621 2090 1684 170
2128 1619 2203 1682 fr.
2248 1621 2349 1701 11,

316 1731 414 1793 10.
478 1727 764 1793 Litterae
802 1727 1079 1792 mediam
1117 1726 1426 1813 paginam
1465 1726 1781 1791 obtinent.
1842 1725 2114 1812 Legitur
2149 1748 2205 1788 v,
2241 1727 2349 1788 10:

313 1836 709 1918 «Ξραζεινὸες,
765 1838 837 1898 ut
894 1835 1015 1899 sub
1072 1833 1293 1898 littera
1342 1850 1385 1898 σ
1428 1837 1740 1918 appareat
1785 1831 2049 1917 lineola,
2104 1830 2349 1897 scilieet

312 1940 571 2027 signum
617 1939 1180 2026 interpunctioniS,
1228 1940 1401 2025 quod
1447 1940 1634 2006 initio
1673 1962 1974 2005 versuum
2013 1937 2345 2024 subiungi-

309 2051 432 2112 tur.
532 2048 1093 2134 Deprehendimus
1148 2047 1354 2134 igitur
1407 2047 1714 2135 paginam
1771 2047 2125 2132 sinistram,
2182 2067 2345 2130 quae

308 2155 517 2219 media
563 2157 905 2241 proposita
952 2153 1135 2242 est.1)

441 2257 844 2342 Apographa
864 2262 1257 2327 Oxoniensia
1285 2263 1369 2322 ab
1393 2260 1767 2323 hominibus
1785 2259 2046 2341 linguae
2069 2257 2345 2323 Graecae

312 2362 530 2429 inseiis
586 2366 650 2425 et
707 2384 781 2423 eo
837 2368 1131 2445 tempore
1191 2362 1512 2438 confecta,
1569 2382 1696 2438 quo
1745 2360 2100 2439 integriora
2145 2363 2346 2425 fuisse

310 2471 608 2535 videntur
659 2464 1013 2548 volumina,
1068 2460 1259 2525 modo
1307 2458 1667 2545 meliorem,
1723 2458 1914 2522 modo
1964 2458 2348 2527 deteriorem

311 2583 565 2642 textum
603 2571 928 2655 exhibent,
966 2571 1348 2655 plerumque
1387 2570 1604 2632 autem
1641 2563 2017 2651 pleniorem.
2064 2563 2343 2631 Versum

312 2684 623 2748 omissum
680 2702 817 2745 esse
868 2700 995 2743 uno
1043 2683 1297 2744 tantum
1342 2677 1485 2743 loeo
1533 2670 1798 2741 memini
1845 2670 1915 2735 in
1959 2670 2348 2757 ὑπομνημα-

313 2800 471 2880 τικῷ
521 2789 637 2855 ool,
676 2790 790 2873 40,
838 2786 1012 2870 quod
1055 2784 1123 2847 in
1166 2785 1230 2849 N
1278 2785 1537 2871 saepius
1584 2781 1834 2849 accidit.

466 3092 519 3159 1)
570 3088 731 3154 Quod
776 3086 893 3140 iam
930 3082 1145 3139 Kemke
1196 3080 1254 3133 et
1288 3076 1575 3129 Hausrath
1617 3080 1677 3132 in
1720 3082 1884 3137 libris
1926 3081 1994 3135 de
2032 3082 2247 3137 musica
2283 3084 2341 3134 et

316 3179 387 3233 de
426 3176 706 3248 poematis
745 3176 914 3231 editis
952 3168 1293 3228 notaverunt
1329 3162 1570 3234 paginas
1609 3164 1913 3235 diremptas
1954 3172 2011 3220 et
2037 3171 2179 3226 falso
2210 3186 2339 3226 con-

317 3268 641 3337 taminatas,
677 3266 738 3321 in
773 3263 982 3319 nostris
1021 3274 1242 3329 quoque
1278 3251 1441 3309 libris
1481 3249 1688 3303 accidit
1726 3255 1880 3307 velut
1914 3254 2079 3307 initio
2116 3260 2336 3327 libriV‚

317 3357 469 3425 quod
507 3354 746 3425 singulis
784 3352 926 3409 loeis
966 3346 1255 3417 adscripsi.
