2650 3903
1052 189 1551 245 —XXV—

412 341 472 404 b.
520 341 642 423 τὴν
673 341 1068 425 σοφιστικὴν
1102 340 1459 425 ῥητορικὴν
1487 338 1726 427 τέχνην
1752 338 2117 425 λεγομένην
2143 342 2320 426 παρὰ

519 457 658 523 τοῖς
698 446 1045 532 ἀνδράσιν,
1089 443 1245 512 καθ’
1286 446 1405 524 οὓς
1440 452 1967 532 φιλοσοφοῦμεν,
2014 445 2085 513 ἐκ
2115 451 2318 532 μεθό-

526 553 649 618 δου
706 555 823 618 καί
866 577 1046 630 τινος
1089 562 1224 618 τῶν
1272 557 1617 640 στοιχείων
1663 555 2093 640 παραδόσεως
2139 578 2320 637 γινο-

521 657 753 743 μένην,
790 656 957 743 μηδὲ
993 661 1159 746 πρὸς
1198 658 1524 742 ἀλλήλους
1559 661 1730 744 ἡμᾶς
1759 661 1999 739 αὐτοὺς
2025 659 2135 726 καὶ
2164 664 2320 739 τοὺς

520 762 1053 851 προλεγομένους
1099 763 1514 852 διεστῶταςῑ)
1569 790 1631 850 p.
1674 769 1775 852 77,
1813 769 2167 852 26—122,
2215 769 2319 833 25.

422 895 470 936 e.
518 871 628 937 καὶ
681 875 756 938 τὸ
812 874 934 957 τὴν
992 874 1385 958 σοφιστικὴν
1430 871 1581 958 περὶ
1626 869 1748 957 μὲν
1795 877 2015 956 λόγων
2061 875 2322 960 γραφὰς

521 977 631 1043 καὶ
696 977 1044 1057 ἐπιδείξεις
1097 976 1335 1065 τέχνην
1394 974 1599 1063 εἶναι,
1662 977 1815 1065 περὶ
1871 976 1945 1045 δὲ
2000 982 2075 1046 τὸ
2134 982 2323 1058 δίκας

527 1083 746 1168 λέγειν
782 1083 895 1150 καὶ
934 1086 1336 1171 δημογορεῖν
1374 1085 1498 1150 οὐκ
1536 1080 1707 1151 εἶναι
1743 1084 2046 1173 τέχνηνῗ)
2086 1111 2148 1171 p.
2174 1089 2320 1170 122,

521 1191 849 1275 25—136,
887 1192 991 1257 20.

414 1297 470 1361 d.
518 1300 613 1363 ἔτι
658 1300 730 1364 τὸ
779 1300 901 1383 τὴν
946 1298 1294 1381 πολιτικὴν
1339 1297 1413 1363 ἐν
1463 1298 1718 1386 ἱστορίᾳ
1762 1296 1872 1363 καὶ
1918 1303 2109 1385 τριβῇ
2155 1306 2321 1364 καθ-

521 1402 893 1489 εστηκέναι,
958 1404 1261 1490 τεχνικὸν
1328 1401 1403 1469 δὲ
1467 1401 1685 1490 μηθὲν
1749 1403 2323 1492 προσφέρεσθαιΒ)

524 1534 585 1594 p.
630 1513 775 1593 136,
813 1511 1139 1576 20—146.

416 1616 638 1681 Habes
694 1617 856 1700 fere,
912 1638 1074 1700 quae
1130 1617 1199 1681 in
1256 1617 1580 1683 continuis
1627 1617 1895 1703 papyris
1941 1621 2317 1683 tractantur.

284 1723 494 1789 Multa
553 1727 768 1788 tamen
830 1722 1313 1788 interciderunt.
1404 1723 1560 1787 Dixi
1616 1745 1902 1808 papyros
1957 1725 2115 1808 408,
2171 1726 2324 1809 409,

285 1831 443 1914 425,
506 1831 704 1914 1079,
764 1831 963 1915 1086,
1023 1832 1222 1913 1117,
1281 1829 1454 1896 1580
1518 1830 1645 1894 hue
1709 1829 2049 1915 pertinere.
2149 1828 2322 1895 Nam

285 1941 503 2003 textus
543 1935 943 2023 singularum
983 1936 1370 2023 paginarum
1406 1941 1519 2002 aut
1557 1959 1704 2003 eum
1732 1960 1983 2023 papyro
2015 1938 2320 2004 continua

285 2048 399 2109 aut
455 2066 600 2110 oum
656 2043 799 2109 aliis
854 2045 1088 2109 horum
1143 2046 1658 2131 fragmentorum
1712 2045 1971 2130 paginis
2028 2045 2121 2110 ita
2177 2066 2320 2110 oon-

289 2150 474 2234 oinit,
529 2155 602 2216 ut
658 2174 736 2215 ex
784 2151 986 2216 altero
1036 2150 1310 2215 alterum
1357 2149 1652 2234 pendeat.
1745 2150 1868 2214 His
1915 2155 2167 2233 septem
2213 2173 2322 2233 pa-

285 2257 472 2343 pyris
527 2258 849 2323 addendae
905 2262 1057 2323 sunt
1114 2280 1175 2340 p.
1220 2258 1392 2322 1573
1433 2288 1517 2310 =
1556 2254 1738 2321 ἮΠ2
1785 2256 1893 2321 fol.
1933 2257 2198 2322 42—52
2256 2262 2323 2321 et

290 2388 353 2448 p.
392 2365 522 2429 468
564 2395 647 2417 =
687 2362 773 2428 X2
821 2365 1111 2448 63-66‚
1169 2384 1328 2447 quas
1383 2367 1602 2447 partes
1661 2384 1798 2428 esse
1844 2363 2037 2428 huius
2085 2363 2321 2447 papyri

288 2474 669 2556 argumento
718 2470 1143 2535 demonstrari
1190 2492 1382 2553 posse
1431 2470 1697 2535 confido.

423 2575 664 2662 Agitur
728 2580 943 2641 autem
1006 2577 1129 2641 hoe
1193 2580 1334 2641 toto
1400 2577 1570 2641 libro
1632 2576 1789 2641 trita
1844 2575 1957 2640 illa
2012 2575 2325 2661 quaestio,

291 2683 461 2748 sitne
508 2704 610 2747 ars
656 2682 978 2747 rhetorica
1012 2704 1229 2747 neone.
1295 2682 1392 2747 Ao
1430 2682 1644 2767 priore
1683 2686 1867 2766 parte
1904 2682 2323 2746 Philodemus

286 2789 547 2873 alienas,
585 2789 786 2854 altera
823 2811 970 2855 suas
1008 2789 1256 2874 profert
1297 2789 1665 2855 sententias
1725 2789 2008 2866 Quarum
2037 2787 2323 2873 partium

283 2895 469 2979 prior
531 2894 625 2959 ita
681 2895 996 2979 bipertita
1051 2900 1176 2980 est,
1241 2900 1315 2960 ut
1373 2896 1657 2980 primum
1711 2895 1986 2961 aliorum
2043 2895 2324 2980 philoso-

283 3002 594 3086 phorum,
668 3002 894 3067 deinde
971 3001 1447 3086 Epicureorum
1519 3003 2111 3089 argumentationes
2185 3022 2326 3084 per-

433 3197 484 3262 1)
526 3192 676 3249 Satis
716 3192 933 3248 incerta
968 3194 1265 3265 proposui,
1312 3197 1506 3250 tamen
1544 3196 1623 3249 sio
1660 3195 1778 3249 fere
1818 3191 2137 3263 supplenda
2174 3193 2320 3258 sunt,

282 3298 432 3352 quae
478 3300 533 3351 p.
576 3287 644 3338 68
690 3299 805 3336 non
850 3285 1108 3354 poteram
1156 3283 1469 3338 emendare.
1555 3282 1634 3337 Cf.
1682 3300 1737 3351 p.
1781 3288 1873 3348 77,
1922 3286 1989 3334 26
2013 3296 2133 3347 sqq.
2183 3278 2324 3339 ἀλλὰ

279 3379 390 3426 νῦν
430 3402 497 3411 -
537 3373 639 3443 οὐχ
675 3372 849 3442 ἡμεῖς.

429 3462 484 3529 2)
522 3462 591 3515 cf.
635 3466 754 3529 122,
792 3467 860 3516 25
881 3479 997 3529 sqq.

432 3550 487 3619 3)
523 3548 592 3605 ef.
636 3556 753 3619 136,
794 3554 862 3602 20
884 3566 1003 3618 sqq.
