2650 3903
1133 207 1215 215 —
1308 180 1443 234 vm
1534 208 1617 217 —-

360 330 523 414 quit.
601 327 797 394 Cuius
843 328 1236 393 mentionem
1281 329 1625 414 faciebam,
1674 351 1820 394 cum
1867 331 2003 396 eius
2048 331 2403 398 lectionem

363 459 403 499 a
450 457 592 500 mea
640 434 1111 519 discrepantem
1157 435 1625 520 respiciendam
1673 437 2030 502 censebam.

2569 299 2578 340 ‚ns
2573 65 2579 281 Λ---...,-ῌ

498 540 746 606 Deinde
793 541 866 605 E.
909 539 1071 606 Gros
1116 541 1579 628 Francogallus
1626 542 1694 606 in
1739 542 1909 608 libro
1959 540 2407 630 ,,Φιλοδήμου
2481 558 2510 634 ‘j
2555 487 2561 506 ‘

359 646 511 732 περὶ
551 649 902 734 ῥητορικῆς
949 670 1028 712 ex
1064 647 1532 713 Herculanensi
1569 671 1821 733 papyro
1859 649 2122 737 lithogr.
2162 650 2404 717 Oxonii
2494 715 2524 750 a

365 776 634 819 excussa
680 754 986 839 restituit,
1032 754 1231 819 latine
1277 754 1475 819 vertit
1523 759 1638 819 etc.
1668 792 1757 801 —
1783 753 2039 820 Adiecti
2072 763 2234 822 -sunt
2272 759 2406 822 duo
2507 807 2530 818 ,.

364 860 727 926 Philodemi
766 861 921 925 libri
952 860 1028 924 de
1058 861 1381 926 rhetorica
1408 860 1687 945 Neapoli
1722 860 1896 945 editi,
1931 861 2131 926 Paris.
2166 865 2409 929 1840:“

368 971 435 1031 et
484 966 903 1054 Spengelium
953 972 1017 1032 et
1062 967 1261 1032 Italos
1309 966 1667 1051 descripsit.

504 1072 809 1160 Singulos
874 1065 1148 1158 denique
1203 1073 1380 1139 locos
1434 1072 1761 1139 Usenerus
1816 1072 1884 1137 in
1938 1073 2279 1158 Epicureis
2338 1080 2406 1139 et

371 1179 792 1265 Gomperzius
839 1180 1083 1265 passim
1129 1185 1583 1245 tractaverunt.
1658 1179 1944 1257 Quorum
1980 1180 2087 1245 hic
2124 1181 2404 1265 plerum-

373 1308 497 1372 que
527 1286 595 1350 in
626 1287 919 1353 Zeitschr.
934 1289 1045 1369 fiir
1071 1290 1170 1355 die
1196 1292 1404 1355 &steron
1425 1286 1649 1372 Gymn.
1674 1287 1749 1350 de
1777 1286 2217 1352 voluminibus
2236 1287 2403 1353 Nea-

368 1392 678 1477 politanis
728 1392 1046 1457 disserens
1090 1416 1223 1458 non
1260 1413 1466 1476 pauca
1503 1393 1794 1477 protulit.
1858 1391 2146 1458 Usenero
2186 1398 2405 1457 autem

365 1521 501 1563 non
538 1520 738 1562 unum
773 1498 1006 1582 locum,
1042 1521 1173 1563 non
1210 1519 1412 1563 unum
1448 1499 1765 1585 volumen,
1804 1499 1916 1564 sed
1952 1521 2155 1584 paene
2189 1504 2404 1566 totum

367 1604 611 1668 librum
668 1605 898 1689 debeO,
954 1605 1198 1690 quippe
1255 1605 1367 1689 qui
1422 1627 1524 1670 me
1572 1606 1653 1668 ad
1696 1605 1855 1670 haec
1901 1606 2114 1671 studia
2160 1606 2403 1671 adules·
2507 1655 2515 1664 .

369 1715 620 1776 centem
649 1710 1005 1797 adduxerit,
1042 1711 1635 1798 relanguescentem
1665 1712 1957 1797 erexerit,
1997 1713 2404 1777 dubitantem

374 1818 865 1901 confirmaverit,
903 1817 1191 1883 docuerit
1220 1818 1615 1903 imperitum,
1653 1819 2045 1884 revocaverit
2084 1822 2404 1884 errantem

374 1929 439 1989 et
494 1923 935 2011 temerarium,
992 1924 1215 1991 multis
1273 1925 1548 2010 denique
1602 1923 1762 1990 locis
1809 1925 1956 1990 inde
2003 1947 2041 1990 a
2086 1947 2232 2013 pag.
2277 1929 2401 1992 129

371 2032 473 2097 vel
528 2054 752 2097 verum
805 2033 909 2097 vel
962 2032 1098 2097 veri
1154 2032 1363 2098 simile
1420 2032 1920 2119 investigaverit.
2021 2033 2198 2098 Idem
2252 2057 2402 2099 vero

370 2162 452 2203 ne
510 2140 718 2205 voluit
770 2139 1029 2225 quidem
1074 2162 1311 2206 nomen
1358 2163 1547 2206 suum
1595 2139 1869 2227 singulis
1917 2139 2193 2204 inventis
2241 2140 2403 2224 addi,

372 2246 547 2329 quod
583 2252 800 2309 tamen
836 2247 943 2310 hic
980 2246 1113 2310 illic
1150 2249 1514 2312 faciendum
1545 2246 1798 2312 credidi.
1862 2245 2001 2311 Nec
2028 2245 2403 2310 Buecheleri

373 2373 636 2436 operam
674 2350 834 2413 mihi
864 2351 1140 2414 defuisse
1171 2353 1535 2434 quicunque
1564 2352 1858 2414 Bonnam
1887 2351 2197 2435 attigerit,
2234 2352 2402 2415 ultro
2525 2386 2542 2398 ·

374 2454 736 2521 coniecerit.
821 2455 1071 2533 Quibus
1118 2456 1277 2520 mihi
1324 2457 1448 2521 hoc
1493 2456 1635 2520 loco
1685 2453 2055 2540 duumviris,
2103 2455 2403 2539 quoniam
2531 2488 2546 2497 -

376 2564 614 2628 referre
651 2584 784 2627 non
822 2583 1107 2647 possum,
1146 2562 1389 2649 gratias
1418 2583 1607 2648 agere
1638 2582 1830 2646 quam
1860 2561 2171 2645 plurimas
2200 2562 2402 2626 liceat.

465 2841 564 2895 De
614 2838 1124 2908 exemplaribus
1168 2838 1635 2908 Neapolitanis
1681 2842 1750 2895 et
1797 2838 2317 2895 oxoniensibus.

511 2988 836 3073 Exempla
903 2988 1288 3074 chalcotypa
1343 2987 1777 3073 Neapolitana
1833 3011 2222 3073 quamquam
2276 3012 2404 3053 non

375 3095 684 3161 mediocri
732 3095 1069 3182 diligentia
1116 3097 1408 3161 confecta
1455 3100 1623 3180 sunt,
1674 3100 1891 3160 tamen
1937 3096 2075 3161 fieri
2121 3118 2254 3162 non
2299 3118 2404 3178 po·

377 3207 573 3287 terat,
640 3201 797 3286 quin
861 3202 929 3266 in
987 3206 1168 3266 tanta
1223 3201 1647 3267 frustulorum
1703 3202 2026 3288 farragine
2083 3200 2404 3267 erroribus

377 3309 702 3374 interdum
776 3309 1183 3395 gravioribus
1257 3309 1783 3374 deformarentur.
1883 3308 2078 3373 Mitto
2145 3308 2404 3391 minora,

377 3437 541 3498 quae
572 3416 846 3501 singulis
874 3415 1033 3480 locis
1064 3420 1323 3480 enotata
1354 3419 1521 3500 sunt,
1558 3415 1735 3479 velut
1773 3439 1835 3500 p.
1867 3417 1970 3500 99,
2000 3416 2084 3479 29
2115 3412 2402 3495 PIKHN‚

377 3544 526 3587 cum
575 3520 628 3585 Ο
675 3527 847 3587 recte
896 3522 1201 3587 exhibeat
1251 3523 1859 3609 [πα]ρεθήκα[μεν],
1906 3521 2066 3584 illud
2103 3526 2403 3604 tanquam
