<?xml version="1.0" encoding="UTF-8"?>
<!DOCTYPE html PUBLIC "-//W3C//DTD XHTML 1.0 Transitional//EN"
    "http://www.w3.org/TR/xhtml1/DTD/xhtml1-transitional.dtd">
<html xmlns="http://www.w3.org/1999/xhtml" xml:lang="en" lang="en">
 <head>
  <title>
</title>
<meta http-equiv="Content-Type" content="text/html;charset=utf-8" />
  <meta name='ocr-system' content='tesseract 3.04.00' />
  <meta name='ocr-capabilities' content='ocr_page ocr_carea ocr_par ocr_line ocrx_word'/>
</head>
<body>
  <div class='ocr_page' id='page_1' title='image "./philodemivolumi00schugoog_0023.png"; bbox 0 0 2650 3903; ppageno 0'>
   <div class='ocr_carea' id='block_1_1' title="bbox 1083 218 1509 271">
    <p class='ocr_par' dir='ltr' id='par_1_1' title="bbox 1083 218 1509 271">
     <span class='ocr_line' id='line_1_1' title="bbox 1083 218 1509 271; baseline -0.002 -18"><span class='ocrx_word' id='word_1_1' title='bbox 1083 218 1509 271; x_wconf 65' lang='grc' dir='ltr'>-ΧῙ-</span> 
     </span>
    </p>
   </div>
   <div class='ocr_carea' id='block_1_2' title="bbox 412 448 2156 518">
    <p class='ocr_par' dir='ltr' id='par_1_2' title="bbox 412 448 2156 518">
     <span class='ocr_line' id='line_1_2' title="bbox 412 448 2156 518; baseline 0 -12"><span class='ocrx_word' id='word_1_2' title='bbox 412 452 513 506; x_wconf 88' lang='lat' dir='ltr'>De</span> <span class='ocrx_word' id='word_1_3' title='bbox 559 448 784 504; x_wconf 79' lang='lat' dir='ltr'>forma</span> <span class='ocrx_word' id='word_1_4' title='bbox 827 460 1244 517; x_wconf 75' lang='lat' dir='ltr'>papyrorum</span> <span class='ocrx_word' id='word_1_5' title='bbox 1291 452 1363 504; x_wconf 81' lang='lat' dir='ltr'>et</span> <span class='ocrx_word' id='word_1_6' title='bbox 1405 449 1540 504; x_wconf 81' lang='lat' dir='ltr'>fide</span> <span class='ocrx_word' id='word_1_7' title='bbox 1586 450 2156 518; x_wconf 77' lang='lat' dir='ltr'><strong>apographorum.</strong></span> 
     </span>
    </p>
   </div>
   <div class='ocr_carea' id='block_1_3' title="bbox 267 579 2353 3647">
    <p class='ocr_par' dir='ltr' id='par_1_3' title="bbox 271 579 2353 1195">
     <span class='ocr_line' id='line_1_3' title="bbox 406 579 2309 665; baseline 0.001 -21"><span class='ocrx_word' id='word_1_8' title='bbox 406 581 707 665; x_wconf 79' lang='lat' dir='ltr'>Papyrus</span> <span class='ocrx_word' id='word_1_9' title='bbox 759 582 927 645; x_wconf 77' lang='grc'><strong>1427</strong></span> <span class='ocrx_word' id='word_1_10' title='bbox 970 612 1053 633; x_wconf 92' lang='lat'><strong><em>=</em></strong></span> <span class='ocrx_word' id='word_1_11' title='bbox 1081 579 1170 642; x_wconf 75' lang='lat' dir='ltr'>V2</span> <span class='ocrx_word' id='word_1_12' title='bbox 1216 580 1324 644; x_wconf 77' lang='lat' dir='ltr'>fol.</span> <span class='ocrx_word' id='word_1_13' title='bbox 1364 583 1629 646; x_wconf 76' lang='lat'>26—35</span> <span class='ocrx_word' id='word_1_14' title='bbox 1674 582 1869 645; x_wconf 88' lang='lat' dir='ltr'>finem</span> <span class='ocrx_word' id='word_1_15' title='bbox 1914 581 2110 664; x_wconf 87' lang='lat' dir='ltr'>primi</span> <span class='ocrx_word' id='word_1_16' title='bbox 2155 582 2309 645; x_wconf 86' lang='lat' dir='ltr'>libri</span> 
     </span>
     <span class='ocr_line' id='line_1_4' title="bbox 274 686 2310 772; baseline 0 -20"><span class='ocrx_word' id='word_1_17' title='bbox 274 687 581 752; x_wconf 90' lang='lat' dir='ltr'>continet.</span> <span class='ocrx_word' id='word_1_18' title='bbox 673 686 959 750; x_wconf 73' lang='lat' dir='ltr'>Litterae</span> <span class='ocrx_word' id='word_1_19' title='bbox 1005 692 1339 769; x_wconf 85' lang='lat' dir='ltr'>tamquam</span> <span class='ocrx_word' id='word_1_20' title='bbox 1384 687 1675 772; x_wconf 76' lang='lat' dir='ltr'>fugiente</span> <span class='ocrx_word' id='word_1_21' title='bbox 1721 687 1966 751; x_wconf 84' lang='lat' dir='ltr'>calamo</span> <span class='ocrx_word' id='word_1_22' title='bbox 2014 693 2310 752; x_wconf 78' lang='lat' dir='ltr'>exaratae</span> 
     </span>
     <span class='ocr_line' id='line_1_5' title="bbox 276 792 2311 878; baseline 0.001 -22"><span class='ocrx_word' id='word_1_23' title='bbox 276 798 445 857; x_wconf 89' lang='lat' dir='ltr'>sunt.</span> <span class='ocrx_word' id='word_1_24' title='bbox 534 793 745 857; x_wconf 88' lang='lat' dir='ltr'>Multa</span> <span class='ocrx_word' id='word_1_25' title='bbox 790 797 1057 876; x_wconf 79' lang='lat' dir='ltr'>mutata,</span> <span class='ocrx_word' id='word_1_26' title='bbox 1105 792 1333 876; x_wconf 82' lang='lat' dir='ltr'>deleta,</span> <span class='ocrx_word' id='word_1_27' title='bbox 1379 793 1626 857; x_wconf 87' lang='lat' dir='ltr'>adiecta</span> <span class='ocrx_word' id='word_1_28' title='bbox 1671 798 1838 858; x_wconf 89' lang='lat' dir='ltr'>sunt.</span> <span class='ocrx_word' id='word_1_29' title='bbox 1928 794 2227 878; x_wconf 79' lang='lat' dir='ltr'>Papyrus</span> <span class='ocrx_word' id='word_1_30' title='bbox 2275 817 2311 858; x_wconf 88' lang='lat' dir='ltr'>a</span> 
     </span>
     <span class='ocr_line' id='line_1_6' title="bbox 275 899 2311 982; baseline 0.001 -20"><span class='ocrx_word' id='word_1_31' title='bbox 275 921 525 963; x_wconf 90' lang='lat' dir='ltr'>summo</span> <span class='ocrx_word' id='word_1_32' title='bbox 584 900 666 961; x_wconf 89' lang='lat' dir='ltr'>ad</span> <span class='ocrx_word' id='word_1_33' title='bbox 709 899 914 962; x_wconf 92' lang='lat' dir='ltr'>imum</span> <span class='ocrx_word' id='word_1_34' title='bbox 958 899 1212 963; x_wconf 86' lang='lat' dir='ltr'>fissuris</span> <span class='ocrx_word' id='word_1_35' title='bbox 1258 899 1580 982; x_wconf 86' lang='lat' dir='ltr'>dirempta</span> <span class='ocrx_word' id='word_1_36' title='bbox 1625 900 1782 963; x_wconf 89' lang='lat' dir='ltr'>satis</span> <span class='ocrx_word' id='word_1_37' title='bbox 1829 904 2046 964; x_wconf 82' lang='lat' dir='ltr'>tamen</span> <span class='ocrx_word' id='word_1_38' title='bbox 2092 901 2174 964; x_wconf 86' lang='lat' dir='ltr'>ad</span> <span class='ocrx_word' id='word_1_39' title='bbox 2217 924 2311 965; x_wconf 90' lang='lat' dir='ltr'>re·</span> 
     </span>
     <span class='ocr_line' id='line_1_7' title="bbox 271 1005 2314 1091; baseline 0 -21"><span class='ocrx_word' id='word_1_40' title='bbox 271 1006 675 1070; x_wconf 91' lang='lat' dir='ltr'>stituendum</span> <span class='ocrx_word' id='word_1_41' title='bbox 729 1009 986 1068; x_wconf 82' lang='lat' dir='ltr'>textum</span> <span class='ocrx_word' id='word_1_42' title='bbox 1039 1005 1294 1091; x_wconf 89' lang='lat' dir='ltr'>integra</span> <span class='ocrx_word' id='word_1_43' title='bbox 1350 1010 1466 1069; x_wconf 89' lang='lat' dir='ltr'>est.</span> <span class='ocrx_word' id='word_1_44' title='bbox 1556 1005 1923 1089; x_wconf 89' lang='lat' dir='ltr'>Utrumque</span> <span class='ocrx_word' id='word_1_45' title='bbox 1982 1007 2314 1091; x_wconf 81' lang='lat' dir='ltr'>exemplar</span> 
     </span>
     <span class='ocr_line' id='line_1_8' title="bbox 274 1110 2353 1195; baseline -0.001 -19"><span class='ocrx_word' id='word_1_46' title='bbox 274 1117 342 1176; x_wconf 88' lang='lat' dir='ltr'>et</span> <span class='ocrx_word' id='word_1_47' title='bbox 392 1110 594 1175; x_wconf 81' lang='lat' dir='ltr'>Oxon.</span> <span class='ocrx_word' id='word_1_48' title='bbox 644 1116 710 1174; x_wconf 87' lang='lat' dir='ltr'>et</span> <span class='ocrx_word' id='word_1_49' title='bbox 753 1110 961 1195; x_wconf 86' lang='lat' dir='ltr'>Neap.</span> <span class='ocrx_word' id='word_1_50' title='bbox 1011 1110 1294 1175; x_wconf 88' lang='lat' dir='ltr'>eiusdem</span> <span class='ocrx_word' id='word_1_51' title='bbox 1342 1112 1476 1174; x_wconf 90' lang='lat' dir='ltr'>fere</span> <span class='ocrx_word' id='word_1_52' title='bbox 1523 1112 1719 1194; x_wconf 90' lang='lat' dir='ltr'>pretii</span> <span class='ocrx_word' id='word_1_53' title='bbox 1767 1116 1884 1176; x_wconf 90' lang='lat' dir='ltr'>est.</span> <span class='ocrx_word' id='word_1_54' title='bbox 2348 1169 2353 1173; x_wconf 87' lang='lat'>.</span> 
     </span>
    </p>

    <p class='ocr_par' dir='ltr' id='par_1_4' title="bbox 272 1215 2311 2261">
     <span class='ocr_line' id='line_1_9' title="bbox 412 1215 2309 1301; baseline 0.001 -20"><span class='ocrx_word' id='word_1_55' title='bbox 412 1217 707 1301; x_wconf 77' lang='lat' dir='ltr'>Papyrus</span> <span class='ocrx_word' id='word_1_56' title='bbox 771 1219 944 1282; x_wconf 73' lang='lat'>1674</span> <span class='ocrx_word' id='word_1_57' title='bbox 992 1249 1077 1270; x_wconf 91' lang='lat'>=</span> <span class='ocrx_word' id='word_1_58' title='bbox 1123 1215 1243 1281; x_wconf 75' lang='lat' dir='ltr'>IV²</span> <span class='ocrx_word' id='word_1_59' title='bbox 1301 1219 1611 1282; x_wconf 84' lang='grc'><strong>42-108</strong></span> <span class='ocrx_word' id='word_1_60' title='bbox 1678 1223 1935 1300; x_wconf 90' lang='lat' dir='ltr'>partem</span> <span class='ocrx_word' id='word_1_61' title='bbox 1997 1220 2152 1283; x_wconf 86' lang='lat' dir='ltr'>libri</span> <span class='ocrx_word' id='word_1_62' title='bbox 2218 1242 2309 1283; x_wconf 88' lang='lat' dir='ltr'>se·</span> 
     </span>
     <span class='ocr_line' id='line_1_10' title="bbox 274 1323 2305 1407; baseline 0 -19"><span class='ocrx_word' id='word_1_63' title='bbox 274 1323 467 1388; x_wconf 90' lang='lat' dir='ltr'>cundi</span> <span class='ocrx_word' id='word_1_64' title='bbox 527 1323 832 1388; x_wconf 88' lang='lat' dir='ltr'>continet.</span> <span class='ocrx_word' id='word_1_65' title='bbox 923 1323 1253 1407; x_wconf 75' lang='lat' dir='ltr'>Fortasse,</span> <span class='ocrx_word' id='word_1_66' title='bbox 1317 1323 1471 1405; x_wconf 90' lang='lat' dir='ltr'>quia</span> <span class='ocrx_word' id='word_1_67' title='bbox 1528 1323 1635 1387; x_wconf 91' lang='lat' dir='ltr'>hic</span> <span class='ocrx_word' id='word_1_68' title='bbox 1688 1324 1859 1388; x_wconf 92' lang='lat' dir='ltr'>liber</span> <span class='ocrx_word' id='word_1_69' title='bbox 1912 1324 2050 1389; x_wconf 90' lang='lat' dir='ltr'>sine</span> <span class='ocrx_word' id='word_1_70' title='bbox 2106 1325 2305 1388; x_wconf 90' lang='lat' dir='ltr'>dubio</span> 
     </span>
     <span class='ocr_line' id='line_1_11' title="bbox 276 1430 2311 1516; baseline 0 -21"><span class='ocrx_word' id='word_1_71' title='bbox 276 1432 669 1516; x_wconf 79' lang='lat' dir='ltr'>permagnus</span> <span class='ocrx_word' id='word_1_72' title='bbox 715 1430 869 1512; x_wconf 77' lang='lat' dir='ltr'>fuit,</span> <span class='ocrx_word' id='word_1_73' title='bbox 915 1430 1138 1493; x_wconf 87' lang='lat' dir='ltr'>charta</span> <span class='ocrx_word' id='word_1_74' title='bbox 1184 1430 1466 1494; x_wconf 88' lang='lat' dir='ltr'>scribam</span> <span class='ocrx_word' id='word_1_75' title='bbox 1512 1431 1763 1495; x_wconf 79' lang='lat' dir='ltr'>defecit.</span> <span class='ocrx_word' id='word_1_76' title='bbox 1854 1430 1981 1496; x_wconf 88' lang='lat' dir='ltr'>Sed</span> <span class='ocrx_word' id='word_1_77' title='bbox 2026 1432 2112 1495; x_wconf 90' lang='lat' dir='ltr'>sit</span> <span class='ocrx_word' id='word_1_78' title='bbox 2159 1454 2311 1495; x_wconf 89' lang='lat' dir='ltr'>sane</span> 
     </span>
     <span class='ocr_line' id='line_1_12' title="bbox 272 1537 2310 1622; baseline 0 -21"><span class='ocrx_word' id='word_1_79' title='bbox 272 1559 427 1602; x_wconf 90' lang='lat' dir='ltr'>casu</span> <span class='ocrx_word' id='word_1_80' title='bbox 472 1559 602 1601; x_wconf 93' lang='lat' dir='ltr'>non</span> <span class='ocrx_word' id='word_1_81' title='bbox 649 1537 992 1620; x_wconf 82' lang='lat' dir='ltr'>perfectuS‚</span> <span class='ocrx_word' id='word_1_82' title='bbox 1039 1541 1210 1600; x_wconf 87' lang='lat' dir='ltr'>certe</span> <span class='ocrx_word' id='word_1_83' title='bbox 1257 1537 1469 1601; x_wconf 92' lang='lat' dir='ltr'>medio</span> <span class='ocrx_word' id='word_1_84' title='bbox 1517 1537 1731 1620; x_wconf 91' lang='lat' dir='ltr'>capite</span> <span class='ocrx_word' id='word_1_85' title='bbox 1770 1537 2174 1622; x_wconf 90' lang='lat' dir='ltr'>interruptus</span> <span class='ocrx_word' id='word_1_86' title='bbox 2213 1543 2310 1601; x_wconf 87' lang='lat' dir='ltr'>est</span> 
     </span>
     <span class='ocr_line' id='line_1_13' title="bbox 272 1642 2308 1730; baseline 0 -23"><span class='ocrx_word' id='word_1_87' title='bbox 272 1645 457 1708; x_wconf 89' lang='lat' dir='ltr'>liber.</span> <span class='ocrx_word' id='word_1_88' title='bbox 532 1644 780 1708; x_wconf 80' lang='lat' dir='ltr'>Ductus</span> <span class='ocrx_word' id='word_1_89' title='bbox 825 1644 1191 1707; x_wconf 89' lang='lat' dir='ltr'>litterarum</span> <span class='ocrx_word' id='word_1_90' title='bbox 1228 1642 1507 1728; x_wconf 81' lang='lat' dir='ltr'>simplex</span> <span class='ocrx_word' id='word_1_91' title='bbox 1546 1649 1663 1727; x_wconf 85' lang='lat' dir='ltr'>est,</span> <span class='ocrx_word' id='word_1_92' title='bbox 1708 1644 1985 1730; x_wconf 85' lang='lat' dir='ltr'>paginae</span> <span class='ocrx_word' id='word_1_93' title='bbox 2022 1645 2308 1729; x_wconf 81' lang='lat' dir='ltr'>optimae</span> 
     </span>
     <span class='ocr_line' id='line_1_14' title="bbox 274 1749 2309 1835; baseline -0.001 -21"><span class='ocrx_word' id='word_1_94' title='bbox 274 1751 600 1815; x_wconf 91' lang='lat' dir='ltr'>interdum</span> <span class='ocrx_word' id='word_1_95' title='bbox 648 1756 713 1815; x_wconf 92' lang='lat' dir='ltr'>et</span> <span class='ocrx_word' id='word_1_96' title='bbox 759 1750 1101 1815; x_wconf 81' lang='lat' dir='ltr'>continuae</span> <span class='ocrx_word' id='word_1_97' title='bbox 1149 1772 1420 1835; x_wconf 87' lang='lat' dir='ltr'>semper.</span> <span class='ocrx_word' id='word_1_98' title='bbox 1495 1751 1891 1834; x_wconf 80' lang='lat' dir='ltr'>Exemplum</span> <span class='ocrx_word' id='word_1_99' title='bbox 1934 1749 2002 1815; x_wconf 87' lang='lat' dir='ltr'>N</span> <span class='ocrx_word' id='word_1_100' title='bbox 2003 1750 2309 1833; x_wconf 84' lang='lat' dir='ltr'>eapolita·</span> 
     </span>
     <span class='ocr_line' id='line_1_15' title="bbox 274 1854 2308 1943; baseline -0 -22"><span class='ocrx_word' id='word_1_101' title='bbox 274 1880 430 1921; x_wconf 90' lang='lat' dir='ltr'>num</span> <span class='ocrx_word' id='word_1_102' title='bbox 478 1856 854 1943; x_wconf 85' lang='lat' dir='ltr'>diligentius</span> <span class='ocrx_word' id='word_1_103' title='bbox 902 1857 1263 1921; x_wconf 89' lang='lat' dir='ltr'>confectum</span> <span class='ocrx_word' id='word_1_104' title='bbox 1311 1862 1377 1921; x_wconf 91' lang='lat' dir='ltr'>et</span> <span class='ocrx_word' id='word_1_105' title='bbox 1423 1856 1710 1922; x_wconf 90' lang='lat' dir='ltr'>melioris</span> <span class='ocrx_word' id='word_1_106' title='bbox 1756 1878 1911 1920; x_wconf 91' lang='lat' dir='ltr'>usus</span> <span class='ocrx_word' id='word_1_107' title='bbox 1958 1861 2081 1940; x_wconf 86' lang='lat' dir='ltr'>est,</span> <span class='ocrx_word' id='word_1_108' title='bbox 2144 1854 2308 1920; x_wconf 81' lang='lat' dir='ltr'>Oxo-</span> 
     </span>
     <span class='ocr_line' id='line_1_16' title="bbox 275 1964 2305 2048; baseline -0.001 -19"><span class='ocrx_word' id='word_1_109' title='bbox 275 1964 484 2029; x_wconf 87' lang='lat' dir='ltr'>niensi</span> <span class='ocrx_word' id='word_1_110' title='bbox 547 1969 790 2048; x_wconf 86' lang='lat' dir='ltr'>tamen,</span> <span class='ocrx_word' id='word_1_111' title='bbox 856 1964 1029 2047; x_wconf 89' lang='lat' dir='ltr'>quod</span> <span class='ocrx_word' id='word_1_112' title='bbox 1097 1966 1268 2029; x_wconf 80' lang='grc'><strong>1825</strong></span> <span class='ocrx_word' id='word_1_113' title='bbox 1335 1964 1582 2030; x_wconf 89' lang='lat' dir='ltr'>editum</span> <span class='ocrx_word' id='word_1_114' title='bbox 1643 1969 1766 2048; x_wconf 86' lang='lat' dir='ltr'>est,</span> <span class='ocrx_word' id='word_1_115' title='bbox 1829 1964 1984 2029; x_wconf 90' lang='lat' dir='ltr'>licet</span> <span class='ocrx_word' id='word_1_116' title='bbox 2044 1964 2305 2028; x_wconf 89' lang='lat' dir='ltr'>omnino</span> 
     </span>
     <span class='ocr_line' id='line_1_17' title="bbox 274 2070 2308 2156; baseline -0.001 -22"><span class='ocrx_word' id='word_1_117' title='bbox 274 2070 485 2156; x_wconf 90' lang='lat' dir='ltr'>magis</span> <span class='ocrx_word' id='word_1_118' title='bbox 532 2074 908 2153; x_wconf 89' lang='lat' dir='ltr'>corruptum</span> <span class='ocrx_word' id='word_1_119' title='bbox 952 2070 1065 2154; x_wconf 83' lang='lat' dir='ltr'>sit,</span> <span class='ocrx_word' id='word_1_120' title='bbox 1117 2070 1322 2134; x_wconf 89' lang='lat' dir='ltr'>multa</span> <span class='ocrx_word' id='word_1_121' title='bbox 1369 2075 1587 2134; x_wconf 91' lang='lat' dir='ltr'>tamen</span> <span class='ocrx_word' id='word_1_122' title='bbox 1633 2070 2047 2154; x_wconf 88' lang='lat' dir='ltr'>corriguntur</span> <span class='ocrx_word' id='word_1_123' title='bbox 2093 2074 2156 2131; x_wconf 92' lang='lat' dir='ltr'>et</span> <span class='ocrx_word' id='word_1_124' title='bbox 2205 2091 2308 2132; x_wconf 83' lang='lat' dir='ltr'>ex-</span> 
     </span>
     <span class='ocr_line' id='line_1_18' title="bbox 281 2178 559 2261; baseline 0 -21"><span class='ocrx_word' id='word_1_125' title='bbox 281 2178 559 2261; x_wconf 87' lang='lat' dir='ltr'>plentur.</span> 
     </span>
    </p>

    <p class='ocr_par' dir='ltr' id='par_1_5' title="bbox 268 2279 2309 2901">
     <span class='ocr_line' id='line_1_19' title="bbox 407 2279 2308 2365; baseline -0.001 -19"><span class='ocrx_word' id='word_1_126' title='bbox 407 2281 702 2365; x_wconf 77' lang='lat' dir='ltr'>Papyrus</span> <span class='ocrx_word' id='word_1_127' title='bbox 754 2284 925 2347; x_wconf 78' lang='grc'><strong>1672</strong></span> <span class='ocrx_word' id='word_1_128' title='bbox 983 2283 1181 2347; x_wconf 90' lang='lat' dir='ltr'>finem</span> <span class='ocrx_word' id='word_1_129' title='bbox 1238 2279 1396 2344; x_wconf 88' lang='lat' dir='ltr'>libri</span> <span class='ocrx_word' id='word_1_130' title='bbox 1451 2279 1717 2345; x_wconf 90' lang='lat' dir='ltr'>alterius</span> <span class='ocrx_word' id='word_1_131' title='bbox 1774 2279 2040 2343; x_wconf 83' lang='lat' dir='ltr'>exhibet</span> <span class='ocrx_word' id='word_1_132' title='bbox 2089 2311 2173 2333; x_wconf 92' lang='lat'>=</span> <span class='ocrx_word' id='word_1_133' title='bbox 2220 2279 2308 2345; x_wconf 74' lang='lat' dir='ltr'>V²</span> 
     </span>
     <span class='ocr_line' id='line_1_20' title="bbox 273 2387 2308 2474; baseline -0.001 -20"><span class='ocrx_word' id='word_1_134' title='bbox 273 2390 492 2454; x_wconf 79' lang='lat'>36—7</span> <span class='ocrx_word' id='word_1_135' title='bbox 500 2390 554 2453; x_wconf 83' lang='lat'>6.</span> <span class='ocrx_word' id='word_1_136' title='bbox 628 2389 1022 2453; x_wconf 86' lang='lat' dir='ltr'>Litterarum</span> <span class='ocrx_word' id='word_1_137' title='bbox 1069 2390 1297 2453; x_wconf 89' lang='lat' dir='ltr'>ductus</span> <span class='ocrx_word' id='word_1_138' title='bbox 1345 2387 1400 2452; x_wconf 89' lang='lat' dir='ltr'>si</span> <span class='ocrx_word' id='word_1_139' title='bbox 1446 2387 1661 2453; x_wconf 89' lang='lat' dir='ltr'>minus</span> <span class='ocrx_word' id='word_1_140' title='bbox 1707 2387 1967 2474; x_wconf 86' lang='lat' dir='ltr'>elegans</span> <span class='ocrx_word' id='word_1_141' title='bbox 2014 2392 2081 2451; x_wconf 88' lang='lat' dir='ltr'>at</span> <span class='ocrx_word' id='word_1_142' title='bbox 2120 2387 2308 2452; x_wconf 87' lang='lat' dir='ltr'>fortis</span> 
     </span>
     <span class='ocr_line' id='line_1_21' title="bbox 270 2494 2308 2582; baseline -0.001 -23"><span class='ocrx_word' id='word_1_143' title='bbox 270 2501 338 2559; x_wconf 94' lang='lat' dir='ltr'>et</span> <span class='ocrx_word' id='word_1_144' title='bbox 385 2495 590 2559; x_wconf 86' lang='lat' dir='ltr'>virilis</span> <span class='ocrx_word' id='word_1_145' title='bbox 638 2501 754 2561; x_wconf 89' lang='lat' dir='ltr'>est.</span> <span class='ocrx_word' id='word_1_146' title='bbox 842 2495 1055 2560; x_wconf 88' lang='lat' dir='ltr'>Nimis</span> <span class='ocrx_word' id='word_1_147' title='bbox 1102 2495 1307 2559; x_wconf 90' lang='lat' dir='ltr'>multa</span> <span class='ocrx_word' id='word_1_148' title='bbox 1354 2501 1638 2560; x_wconf 89' lang='lat' dir='ltr'>correcta</span> <span class='ocrx_word' id='word_1_149' title='bbox 1684 2500 1834 2561; x_wconf 90' lang='lat' dir='ltr'>sunt</span> <span class='ocrx_word' id='word_1_150' title='bbox 1882 2494 2073 2582; x_wconf 90' lang='lat' dir='ltr'>(puto</span> <span class='ocrx_word' id='word_1_151' title='bbox 2113 2516 2308 2558; x_wconf 87' lang='lat' dir='ltr'>manu</span> 
     </span>
     <span class='ocr_line' id='line_1_22' title="bbox 272 2599 2309 2687; baseline -0.001 -22"><span class='ocrx_word' id='word_1_152' title='bbox 272 2599 529 2687; x_wconf 83' lang='lat' dir='ltr'>aliena).</span> <span class='ocrx_word' id='word_1_153' title='bbox 594 2600 800 2684; x_wconf 90' lang='lat' dir='ltr'>Neap.</span> <span class='ocrx_word' id='word_1_154' title='bbox 839 2601 1171 2686; x_wconf 85' lang='lat' dir='ltr'>exemplar</span> <span class='ocrx_word' id='word_1_155' title='bbox 1216 2606 1507 2685; x_wconf 87' lang='lat' dir='ltr'>praestat</span> <span class='ocrx_word' id='word_1_156' title='bbox 1555 2601 1911 2687; x_wconf 83' lang='lat' dir='ltr'>diligentia,</span> <span class='ocrx_word' id='word_1_157' title='bbox 1958 2600 2074 2665; x_wconf 82' lang='lat' dir='ltr'>Ox.</span> <span class='ocrx_word' id='word_1_158' title='bbox 2103 2601 2309 2684; x_wconf 86' lang='lat' dir='ltr'>copia,</span> 
     </span>
     <span class='ocr_line' id='line_1_23' title="bbox 268 2706 2309 2795; baseline -0 -23"><span class='ocrx_word' id='word_1_159' title='bbox 268 2730 496 2772; x_wconf 81' lang='lat' dir='ltr'>verum</span> <span class='ocrx_word' id='word_1_160' title='bbox 535 2707 812 2791; x_wconf 87' lang='lat' dir='ltr'>pessime</span> <span class='ocrx_word' id='word_1_161' title='bbox 852 2707 1248 2792; x_wconf 89' lang='lat' dir='ltr'>descriptum</span> <span class='ocrx_word' id='word_1_162' title='bbox 1288 2713 1405 2795; x_wconf 81' lang='lat' dir='ltr'>est,</span> <span class='ocrx_word' id='word_1_163' title='bbox 1442 2712 1516 2772; x_wconf 92' lang='lat' dir='ltr'>ut</span> <span class='ocrx_word' id='word_1_164' title='bbox 1555 2708 1827 2772; x_wconf 90' lang='lat' dir='ltr'>subinde</span> <span class='ocrx_word' id='word_1_165' title='bbox 1867 2730 1946 2771; x_wconf 83' lang='lat' dir='ltr'>ex</span> <span class='ocrx_word' id='word_1_166' title='bbox 1984 2706 2143 2771; x_wconf 89' lang='lat' dir='ltr'>totis</span> <span class='ocrx_word' id='word_1_167' title='bbox 2174 2729 2309 2771; x_wconf 83' lang='lat' dir='ltr'>ver-</span> 
     </span>
     <span class='ocr_line' id='line_1_24' title="bbox 271 2814 1975 2901; baseline -0.001 -23"><span class='ocrx_word' id='word_1_168' title='bbox 271 2814 485 2897; x_wconf 82' lang='lat' dir='ltr'>sibUS‚</span> <span class='ocrx_word' id='word_1_169' title='bbox 534 2814 644 2897; x_wconf 91' lang='lat' dir='ltr'>qui</span> <span class='ocrx_word' id='word_1_170' title='bbox 692 2814 931 2901; x_wconf 91' lang='lat' dir='ltr'>integri</span> <span class='ocrx_word' id='word_1_171' title='bbox 976 2814 1374 2899; x_wconf 83' lang='lat' dir='ltr'>viderentur,</span> <span class='ocrx_word' id='word_1_172' title='bbox 1419 2815 1586 2879; x_wconf 91' lang='lat' dir='ltr'>nihil</span> <span class='ocrx_word' id='word_1_173' title='bbox 1633 2814 1975 2879; x_wconf 91' lang='lat' dir='ltr'>elicuerim.</span> 
     </span>
    </p>

    <p class='ocr_par' dir='ltr' id='par_1_6' title="bbox 267 2918 2313 3433">
     <span class='ocr_line' id='line_1_25' title="bbox 409 2918 2307 3005; baseline 0.001 -23"><span class='ocrx_word' id='word_1_174' title='bbox 409 2920 710 3003; x_wconf 83' lang='lat' dir='ltr'>Papyrus</span> <span class='ocrx_word' id='word_1_175' title='bbox 752 2923 922 2986; x_wconf 79' lang='lat'>1423</span> <span class='ocrx_word' id='word_1_176' title='bbox 961 2952 1047 2974; x_wconf 91' lang='lat'>=</span> <span class='ocrx_word' id='word_1_177' title='bbox 1085 2918 1203 2983; x_wconf 86' lang='lat' dir='ltr'>XIl</span> <span class='ocrx_word' id='word_1_178' title='bbox 1241 2944 1303 3004; x_wconf 90' lang='lat' dir='ltr'>p.</span> <span class='ocrx_word' id='word_1_179' title='bbox 1348 2924 1380 2986; x_wconf 91' lang='lat'>1</span> <span class='ocrx_word' id='word_1_180' title='bbox 1407 2943 1544 3005; x_wconf 88' lang='lat' dir='ltr'>sqq.</span> <span class='ocrx_word' id='word_1_181' title='bbox 1586 2921 1694 2986; x_wconf 88' lang='lat' dir='ltr'>dat</span> <span class='ocrx_word' id='word_1_182' title='bbox 1731 2920 2016 3005; x_wconf 90' lang='lat' dir='ltr'>priorem</span> <span class='ocrx_word' id='word_1_183' title='bbox 2054 2924 2307 3004; x_wconf 87' lang='lat' dir='ltr'>partem</span> 
     </span>
     <span class='ocr_line' id='line_1_26' title="bbox 273 3026 2309 3114; baseline -0 -24"><span class='ocrx_word' id='word_1_184' title='bbox 273 3026 433 3091; x_wconf 89' lang='lat' dir='ltr'>libri</span> <span class='ocrx_word' id='word_1_185' title='bbox 481 3027 711 3110; x_wconf 87' lang='lat' dir='ltr'>quarti.</span> <span class='ocrx_word' id='word_1_186' title='bbox 804 3026 1067 3092; x_wconf 86' lang='lat' dir='ltr'>Summa</span> <span class='ocrx_word' id='word_1_187' title='bbox 1113 3032 1250 3091; x_wconf 88' lang='lat' dir='ltr'>arte</span> <span class='ocrx_word' id='word_1_188' title='bbox 1299 3031 1363 3090; x_wconf 91' lang='lat' dir='ltr'>et</span> <span class='ocrx_word' id='word_1_189' title='bbox 1412 3028 1733 3114; x_wconf 84' lang='lat' dir='ltr'>elegantia</span> <span class='ocrx_word' id='word_1_190' title='bbox 1779 3027 2159 3113; x_wconf 88' lang='lat' dir='ltr'>magnisque</span> <span class='ocrx_word' id='word_1_191' title='bbox 2205 3026 2309 3089; x_wconf 92' lang='lat' dir='ltr'>lit-</span> 
     </span>
     <span class='ocr_line' id='line_1_27' title="bbox 269 3132 2313 3218; baseline -0.001 -22"><span class='ocrx_word' id='word_1_192' title='bbox 269 3132 431 3197; x_wconf 89' lang='lat' dir='ltr'>teris</span> <span class='ocrx_word' id='word_1_193' title='bbox 497 3133 900 3217; x_wconf 89' lang='lat' dir='ltr'>conscriptus</span> <span class='ocrx_word' id='word_1_194' title='bbox 968 3139 1093 3218; x_wconf 88' lang='lat' dir='ltr'>est,</span> <span class='ocrx_word' id='word_1_195' title='bbox 1156 3138 1231 3197; x_wconf 92' lang='lat' dir='ltr'>ut</span> <span class='ocrx_word' id='word_1_196' title='bbox 1284 3133 1395 3197; x_wconf 84' lang='lat' dir='ltr'>vix</span> <span class='ocrx_word' id='word_1_197' title='bbox 1453 3134 1698 3218; x_wconf 90' lang='lat' dir='ltr'>aliquid</span> <span class='ocrx_word' id='word_1_198' title='bbox 1753 3139 2003 3198; x_wconf 90' lang='lat' dir='ltr'>mutare</span> <span class='ocrx_word' id='word_1_199' title='bbox 2061 3132 2313 3194; x_wconf 86' lang='lat' dir='ltr'>audeas.</span> 
     </span>
     <span class='ocr_line' id='line_1_28' title="bbox 267 3234 2309 3324; baseline -0.002 -21"><span class='ocrx_word' id='word_1_200' title='bbox 267 3238 677 3324; x_wconf 87' lang='lat' dir='ltr'>Apographo</span> <span class='ocrx_word' id='word_1_201' title='bbox 748 3244 965 3305; x_wconf 91' lang='lat' dir='ltr'>tamen</span> <span class='ocrx_word' id='word_1_202' title='bbox 1038 3239 1153 3305; x_wconf 84' lang='lat' dir='ltr'>Ox.</span> <span class='ocrx_word' id='word_1_203' title='bbox 1227 3239 1539 3305; x_wconf 88' lang='lat' dir='ltr'>nonnulla</span> <span class='ocrx_word' id='word_1_204' title='bbox 1614 3238 2046 3303; x_wconf 86' lang='lat' dir='ltr'>emendantur.</span> <span class='ocrx_word' id='word_1_205' title='bbox 2166 3234 2309 3300; x_wconf 90' lang='lat' dir='ltr'>Hoc</span> 
     </span>
     <span class='ocr_line' id='line_1_29' title="bbox 268 3345 1788 3433; baseline -0.001 -24"><span class='ocrx_word' id='word_1_206' title='bbox 268 3346 471 3410; x_wconf 88' lang='lat' dir='ltr'>etiam</span> <span class='ocrx_word' id='word_1_207' title='bbox 519 3346 640 3410; x_wconf 91' lang='lat' dir='ltr'>sub</span> <span class='ocrx_word' id='word_1_208' title='bbox 690 3346 884 3411; x_wconf 90' lang='lat' dir='ltr'>finem</span> <span class='ocrx_word' id='word_1_209' title='bbox 931 3347 1316 3433; x_wconf 87' lang='lat' dir='ltr'>paginarum</span> <span class='ocrx_word' id='word_1_210' title='bbox 1363 3345 1628 3409; x_wconf 89' lang='lat' dir='ltr'>uberius</span> <span class='ocrx_word' id='word_1_211' title='bbox 1677 3348 1788 3408; x_wconf 89' lang='lat' dir='ltr'>est.</span> 
     </span>
    </p>

    <p class='ocr_par' dir='ltr' id='par_1_7' title="bbox 270 3447 2309 3647">
     <span class='ocr_line' id='line_1_30' title="bbox 404 3447 2309 3537; baseline -0.002 -22"><span class='ocrx_word' id='word_1_212' title='bbox 404 3452 722 3536; x_wconf 59' lang='lat' dir='ltr'>Papyrus„</span> <span class='ocrx_word' id='word_1_213' title='bbox 770 3475 932 3537; x_wconf 90' lang='lat' dir='ltr'>quae</span> <span class='ocrx_word' id='word_1_214' title='bbox 979 3454 1248 3518; x_wconf 88' lang='lat' dir='ltr'>alteram</span> <span class='ocrx_word' id='word_1_215' title='bbox 1285 3455 1540 3536; x_wconf 87' lang='lat' dir='ltr'>partem</span> <span class='ocrx_word' id='word_1_216' title='bbox 1576 3449 1730 3513; x_wconf 89' lang='lat' dir='ltr'>libri</span> <span class='ocrx_word' id='word_1_217' title='bbox 1770 3447 1982 3533; x_wconf 86' lang='lat' dir='ltr'>quarti</span> <span class='ocrx_word' id='word_1_218' title='bbox 2022 3448 2309 3513; x_wconf 89' lang='lat' dir='ltr'>continet</span> 
     </span>
     <span class='ocr_line' id='line_1_31' title="bbox 270 3554 2309 3647; baseline -0.002 -24"><span class='ocrx_word' id='word_1_219' title='bbox 270 3558 387 3646; x_wconf 88' lang='lat'>(=</span> <span class='ocrx_word' id='word_1_220' title='bbox 436 3557 555 3623; x_wconf 72' lang='grc' dir='ltr'>ΧΙι</span> <span class='ocrx_word' id='word_1_221' title='bbox 618 3563 783 3642; x_wconf 86' lang='lat' dir='ltr'>part.</span> <span class='ocrx_word' id='word_1_222' title='bbox 831 3557 948 3647; x_wconf 86' lang='lat' dir='ltr'>II),</span> <span class='ocrx_word' id='word_1_223' title='bbox 1009 3561 1076 3624; x_wconf 92' lang='lat' dir='ltr'>in</span> <span class='ocrx_word' id='word_1_224' title='bbox 1138 3560 1294 3624; x_wconf 90' lang='lat' dir='ltr'>duas</span> <span class='ocrx_word' id='word_1_225' title='bbox 1356 3560 1574 3639; x_wconf 83' lang='lat' dir='ltr'>partes</span> <span class='ocrx_word' id='word_1_226' title='bbox 1637 3554 1865 3640; x_wconf 82' lang='lat' dir='ltr'>divisa,</span> <span class='ocrx_word' id='word_1_227' title='bbox 1926 3554 2028 3618; x_wconf 82' lang='lat' dir='ltr'>vel</span> <span class='ocrx_word' id='word_1_228' title='bbox 2088 3554 2309 3637; x_wconf 87' lang='lat' dir='ltr'>potius</span> 
     </span>
    </p>
   </div>
  </div>
 </body>
</html>
