2650 3903
1091 230 1166 237 —
1262 201 1492 254 XLVIII
1590 230 1662 237 --

363 350 763 435 persuadere,
811 349 976 413 sicut
1024 351 1364 435 spondent,
1412 350 1713 414 omnibus
1751 355 2040 435 possunt.
2113 351 2207 418 Ut
2244 376 2389 418 vero

361 456 568 520 sciant
614 455 828 539 plebis
874 455 1301 540 voluntatem,
1348 456 1731 539 persuadere
1778 462 1995 522 tamen
2039 480 2171 522 non
2216 465 2390 541 pote-

362 566 532 646 runt,
581 563 730 646 quia
774 562 940 626 nihil
986 562 1457 629 inconstantius
1504 568 1603 628 est
1649 563 1864 646 plebis
1910 565 2146 630 iudicio
2185 565 2392 653 (XXII

369 666 710 754 —XXHI).
760 707 843 716 —
890 667 1008 754 At,
1064 669 1304 753 inquit,
1351 693 1389 734 a
1435 670 1757 735 communi
1806 672 2081 754 quadam
2127 672 2282 737 iusti
2331 677 2393 736 et

364 775 544 839 utilis
589 775 825 839 notitia
872 776 953 839 ad
998 775 1082 860 id,
1134 777 1305 860 quod
1352 776 1420 839 in
1468 797 1719 860 quaque
1766 798 1834 839 re
1883 778 2202 862 expediat,
2250 802 2391 861 pro-

363 882 568 968 gressi
633 882 888 968 singula
954 904 1242 967 quaeque
1307 882 1389 946 ad
1448 882 1627 946 illam
1682 883 2049 968 generalem
2101 905 2392 947 normam

361 989 783 1072 adaptabunt.
887 988 1012 1054 Sed
1077 989 1332 1075 singula
1397 989 1605 1075 magis
1666 989 1766 1053 vir
1821 993 2125 1072 expertus
2180 993 2246 1052 et
2300 990 2390 1053 rei

362 1094 663 1178 publicae
710 1095 959 1178 peritus
1005 1098 1445 1179 persequetur.
1510 1094 1574 1161 Is
1620 1095 1909 1179 placebit
1947 1100 2064 1160 etc.
2104 1093 2389 1183 (XXIV).

494 1200 849 1286 Postquam
905 1202 1108 1288 igitur
1162 1226 1280 1287 per
1331 1225 1398 1268 se
1445 1203 1656 1287 ipsam
1702 1203 2183 1289 physiologiam
2230 1203 2391 1285 opti-

362 1328 540 1371 mum
588 1313 906 1373 oratorem
951 1332 1083 1374 non
1130 1311 1384 1375 efficere
1432 1309 1941 1375 demonstratum
1989 1314 2104 1394 est,
2152 1309 2393 1392 quaeri-

360 1418 487 1499 tur,
532 1436 689 1478 num
734 1419 1068 1499 assumpto
1116 1440 1237 1482 usu
1284 1417 1551 1502 forensi,
1602 1420 1942 1501 perspecta
1988 1415 2203 1498 plebis
2251 1437 2392 1479 con-

363 1519 701 1584 suetudine
777 1525 892 1585 etc.
970 1544 1116 1587 eum
1190 1526 1665 1589 consol-matura
1739 1522 1825 1586 sit
1889 1520 2145 1609 (XXV).
2258 1521 2394 1597 Qua

364 1626 622 1710 quidem
677 1626 746 1690 in
801 1627 1175 1710 quaestione
1232 1630 1641 1715 probandum
1698 1632 1835 1692 erat
1890 1649 2077 1691 usum
2133 1632 2198 1691 et
2244 1627 2393 1690 assi-

365 1732 679 1796 duitatem
735 1731 1073 1822 (μελέτην)
1130 1759 1248 1820 per
1303 1759 1370 1802 se
1427 1736 1465 1800 i.
1505 1757 1554 1799 e.
1603 1735 1739 1799 sine
1795 1733 2207 1819 physiologia
2262 1755 2394 1796 non

363 1861 552 1922 posse
599 1839 904 1922 politicos
952 1846 1240 1907 oratores
1287 1843 1538 1907 efficere
1577 1839 1863 1928 (XXVI).
1939 1839 2064 1905 Sed
2102 1839 2156 1904 si
2195 1860 2395 1923 quon·

364 1946 510 2010 dam
556 1945 810 2031 physici
859 1947 1017 2012 boni
1066 1955 1352 2015 oratores
1398 1950 1686 2035 fuerunt,
1741 1971 1871 2013 non
1918 1951 2189 2032 propter
2234 1946 2394 2031 phy-

364 2052 706 2139 siologiam
747 2054 1026 2142 fuerunt,
1073 2057 1184 2121 sed
1222 2056 1478 2121 aliunde
1512 2057 1679 2121 hanc
1717 2061 1922 2121 artem
1960 2056 2396 2139 arripuerunt3

363 2161 465 2225 sin
511 2166 862 2244 apparatus
910 2164 1175 2228 oratorii
1222 2164 1354 2228 sint
1400 2163 1615 2248 periti,
1661 2168 1729 2227 at
1770 2168 2008 2227 temere
2058 2166 2125 2225 et
2159 2161 2395 2243 impor-

361 2270 518 2329 tune
568 2288 642 2329 eo
690 2271 955 2331 utentur
983 2267 1076 2353 (12)
1109 2307 1196 2316 —
1223 2270 1468 2335 XXVII
1507 2322 1519 2334 .
1552 2322 1564 2335 .
1596 2322 1608 2335 .
1655 2292 1773 2334 nec
1811 2270 2135 2353 physicuS,
2184 2266 2397 2350 quoad

365 2370 674 2455 physicus
731 2375 855 2454 est,
910 2371 977 2433 id
1033 2373 1206 2453 quod
1259 2375 1599 2456 proprium
1647 2378 1744 2437 est
1791 2373 2041 2456 politici
2089 2371 2396 2454 possidet,

363 2476 515 2560 quia
580 2479 752 2539 caret
818 2476 1105 2539 oratione
1162 2480 1227 2539 et
1283 2478 1519 2560 peritia
1573 2478 1830 2541 forensi.
1934 2476 2171 2551 Quodsi
2228 2496 2394 2537 com—

362 2583 543 2648 muni
583 2582 871 2647 omnium
911 2581 1321 2662 [elocutionis
1360 2588 1425 2647 et
1454 2581 2102 2667 argumentationis‘P]
2143 2580 2393 2644 ratione

366 2690 594 2754 enixus
650 2689 726 2753 de
777 2689 972 2753 rebus
1019 2687 1293 2752 utilibus
1342 2693 1407 2752 et
1453 2687 1911 2771 probabilibus
1958 2686 2203 2772 aliquid
2249 2710 2395 2770 pro-

364 2798 626 2860 fiteatur
680 2795 762 2879 is,
819 2795 928 2879 qui
983 2816 1101 2858 nec
1148 2793 1508 2860 animorum
1554 2797 1770 2859 motus
1816 2795 1917 2858 vel
1964 2795 2230 2858 affectus
2275 2816 2397 2859 nec

363 2924 465 2967 res
513 2923 630 2965 nec
674 2901 851 2987 volgi
890 2900 1382 2966 consuetudines
1419 2901 1842 2985 perspexerit,
1889 2904 2293 2987 [arroganter
2330 2906 2399 2965 et

364 3031 541 3073 more
597 3008 761 3093 agit]
829 3008 1283 3091 sophistarum.
1375 3007 1601 3091 Itaque
1665 3008 1888 3072 inanes
1950 3007 2053 3073 vel
2116 3008 2397 3071 maxime

365 3116 598 3180 horum
647 3114 969 3179 orationes
1016 3119 1167 3179 sunt
1213 3113 1866 3202 (XXVIII—XXIX).

347 3259 350 3264 =
497 3220 634 3285 Iam
693 3245 755 3305 p.
811 3219 1023 3285 XXIX
1076 3211 1532 3304 Nausiphanes
1586 3225 2147 3305 commemoratur,
2212 3220 2397 3285 cuius

367 3329 612 3393 dictum
655 3328 1069 3395 notissimum
1116 3333 1239 3413 est,
1287 3329 1647 3412 sapientem
1694 3329 1918 3413 utique
1964 3328 2045 3392 ad
2091 3350 2226 3392 rem
2272 3348 2396 3411 pu-

369 3436 607 3501 blicam
661 3457 1078 3501 accessurum.
1133 3474 1206 3483 —
1259 3435 1505 3500 Verum
1551 3436 1606 3500 si
1654 3435 2111 3519 philosophUS,
2166 3439 2239 3498 ut
2286 3457 2400 3517 pa·

363 3542 527 3606 triae
574 3543 676 3607 vel
722 3544 943 3610 amicis
990 3543 1217 3629 prosit,
1267 3565 1346 3607 ex
1393 3544 1623 3608 umbra
1660 3542 1729 3607 in
1765 3543 1977 3606 forum
2014 3562 2401 3627 progressus
