2650 3903
1041 209 1128 218 --
1218 180 1404 234 XXIII
1498 209 1580 216 —

298 332 495 397 canda
550 352 882 397 censemus
938 352 1012 394 ea
1058 327 1237 416 (VI),
1289 350 1564 418 quorum
1610 328 1954 414 perspicua
2002 335 2098 396 est
2145 331 2334 396 vitio-

298 439 471 525 sitas,
519 443 584 502 et
623 438 693 502 in
730 435 1242 521 perstringendis
1281 436 1554 521 singulis
1590 437 1919 520 nonnulla,
1958 457 2120 520 quae
2157 459 2329 502 nunc

298 543 660 626 omisimus,
707 543 1069 606 afferentur.

475 649 580 714 Ex
626 649 1095 733 Epicureorum
1130 648 1415 733 denique
1461 671 1728 713 numero
1767 649 2328 713 vehementissime

300 778 409 822 eos
463 756 788 841 vituperat
833 756 1276 840 Philodemus,
1334 755 1697 839 quicunque
1751 755 2141 839 sophisticae
2190 755 2329 818 rhe-

296 862 534 927 toricae
590 862 787 927 ullam
845 885 982 928 esse
1039 866 1243 926 artem
1299 866 1698 948 negaverunt
1755 867 1821 927 et
1867 862 1936 927 in
1980 863 2145 927 hanc
2193 884 2329 926 sen-

295 968 568 1034 tentiam
612 968 816 1033 libros
865 973 1383 1053 composuerunt.
1460 967 1700 1045 Quodsi
1745 969 1910 1033 hanc
1948 973 2153 1033 artem
2191 991 2328 1033 esse

295 1074 621 1158 Epicurus
631 1124 648 1157 ,
702 1074 1110 1140 Metrodorus
1120 1126 1137 1161 ,
1193 1075 1631 1140 Hermarchus
1689 1074 2195 1159 declaraverunt,
2256 1080 2330 1138 ut

298 1180 863 1264 demonstrabitur,
901 1181 1012 1265 qui
1051 1186 1273 1246 contra
1309 1182 1430 1246 hos
1460 1203 1539 1245 ex
1565 1179 2033 1266 Epicureorum
2060 1204 2328 1246 numero

298 1286 619 1371 scribunt,
666 1308 869 1370 paene
917 1310 1036 1372 pro
1085 1287 1422 1371 parricidis
1469 1286 1750 1351 habendi
1796 1286 2110 1352 videntur.
2159 1324 2236 1335 —

426 1393 626 1459 Vides
670 1393 1124 1458 Philodemum
1178 1393 1306 1479 his,
1362 1392 1741 1478 priusquam
1796 1392 2051 1480 singula
2107 1416 2330 1479 aggre—

299 1499 535 1584 diatur,
587 1501 946 1586 generatim
994 1499 1208 1585 qualia
1253 1499 1413 1566 vitia
1457 1500 1958 1586 impugnaturus
2005 1500 2116 1585 sit,
2165 1521 2330 1564 com-

297 1606 689 1688 prehendere
746 1611 812 1671 et
868 1611 1178 1692 tanquam
1231 1606 1404 1672 viam
1450 1607 1718 1671 munire.
1810 1606 1953 1671 Hoc
1999 1610 2216 1670 autem
2262 1606 2331 1670 in

297 1713 709 1778 aestimandis
766 1718 830 1777 et
888 1713 1309 1778 diiudicandis
1365 1712 1469 1777 his
1523 1711 1963 1777 voluminibus
2011 1712 2330 1796 imprimis

295 1819 643 1884 tenendum
701 1841 837 1884 esse
894 1824 1194 1904 apparet,
1249 1819 1703 1885 Philodemum
1758 1841 1888 1883 non
1942 1818 2331 1883 rhetoricam

296 1922 409 1986 sed
465 1924 540 1987 de
595 1924 917 1991 rhetorica
972 1926 1281 2011 scribere,
1335 1948 1468 1991 non
1522 1930 1727 1991 artem
1775 1923 1959 1991 edere
2007 1925 2118 1991 sed
2166 1948 2330 1991 com-

295 2050 538 2113 ponere
585 2028 1023 2115 ἀντιγραφήν,
1066 2053 1200 2096 non
1235 2037 1373 2097 tam
1411 2054 1526 2096 sua
1563 2037 1910 2117 praecepta
1948 2033 2096 2096 dare
2137 2054 2331 2115 quam

295 2136 577 2200 refutare
625 2133 849 2198 aliena.
926 2134 1018 2200 Of.
1061 2159 1111 2200 e.
1151 2158 1211 2220 g.
1252 2160 1313 2219 p.
1355 2138 1513 2220 214,
1551 2140 1636 2201 22
1681 2139 1847 2222 πρὸς
1895 2137 1929 2200 ὃ
1977 2135 2087 2201 καὶ
2134 2139 2331 2219 λαλή-

297 2257 502 2325 σομεν
549 2239 656 2307 ἐπὶ
693 2244 848 2318 τοὺς
886 2239 1368 2325 ἐκδεδομένους
1403 2239 1514 2307 ὑπ’
1551 2241 1771 2307 αὐτῶν
1808 2244 2048 2325 λόγους
2084 2242 2328 2329 ἀναφέ-

296 2372 545 2433 ροντες.

861 2608 959 2664 De
1007 2610 1411 2676 argumento
1460 2606 1622 2664 libri
1666 2607 1754 2666 11.

428 2738 743 2816 Quoniam
817 2738 1309 2824 dispositionem
1376 2738 1569 2804 huius
1632 2737 1787 2803 libri
1853 2759 2056 2821 paene
2122 2741 2328 2801 totam

293 2844 455 2926 ipsis
483 2845 1090 2912 Philodemi'verbis
1129 2846 1492 2912 adscribere
1529 2845 1700 2928 licet,
1739 2847 2052 2928 quantum
2089 2843 2155 2907 id
2189 2844 2331 2907 fieri

292 2953 578 3034 poterat,
624 2953 830 3017 facere
876 2975 1008 3017 non
1056 2951 1365 3017 dubitavi.

943 3146 990 3211 I.
1046 3145 1380 3232 Ἑτέρων
1428 3145 1674 3224 δόξαι.

432 3291 487 3353 1.
535 3289 697 3353 κατὰ
745 3285 942 3374 μέρος
987 3291 1209 3370 λόγων
1256 3289 1540 3373 διακοπὴ

534 3435 586 3477 a.
634 3423 768 3478 τῶν
823 3412 1267 3497 ἠρωτημένων
1322 3409 1489 3498 ὑπὲρ
1546 3376 1667 3477 τοῦ
1721 3408 1961 3496 τέχνην
2016 3410 2104 3493 μὴ
2153 3402 2326 3474 εἶναι

631 3521 754 3604 τὴν
802 3519 1163 3605 ῥητορικήν
1210 3518 1303 3607 (p.
1347 3519 1635 3603 13-29,
1680 3513 1793 3594 14)
1840 3514 1952 3582 καὶ
