2650 3903
1136 183 1539 235 -Χ-

321 341 488 399 tram
534 335 787 415 partem
835 331 1072 414 explet.
1149 331 1270 407 Qui
1316 333 1440 397 hoc
1486 334 1626 397 fieri
1674 334 1934 417 potuit?
2007 335 2100 401 Ut
2138 337 2354 402 brevis

318 440 456 523 sim,
501 436 919 521 Neapolitani
968 438 1021 501 si
1061 458 1187 523 qua
1226 438 1460 525 exigua
1498 441 1775 505 frustula
1811 442 2161 529 habebant,
2207 443 2351 508 istis

320 544 611 628 reliquiis
649 544 1008 630 marginem
1046 544 1445 629 addiderunt,
1493 567 1655 630 quae
1696 548 1976 634 deerant,
2023 554 2352 634 tamquam

323 651 683 715 ornamenti
744 651 954 737 gratia
1010 651 1496 735 compleverunt
1553 656 1617 716 et
1672 652 1741 717 in
1795 654 2086 741 integrae
2148 678 2351 740 paene

319 757 595 843 paginae
625 755 906 839 speciem
933 756 1338 841 redegerunt.
1375 756 1654 821 Evolvas
1685 758 2024 841 quodlibet
2052 761 2354 826 volumen

318 862 716 928 collectionis
765 863 1027 927 alterius
1076 860 1578 950 (v01.V1—-XI)‚
1626 886 1753 947 quo
1801 864 2165 949 fragmenta
2204 888 2347 930 con-

317 969 661 1035 tineantur.
735 970 889 1034 Mox
937 969 1223 1034 invenies
1262 970 1643 1055 fragmenta,
1691 991 1853 1053 quae
1891 992 1971 1034 ex
2011 970 2213 1034 altera
2249 972 2352 1036 vel

315 1098 393 1139 ex
454 1080 729 1160 utraque
791 1079 975 1158 parte
1037 1075 1315 1140 contrita
1375 1080 1592 1140 tamen
1651 1075 1941 1162 margine
2002 1077 2218 1142 addito
2280 1078 2346 1142 in

313 1181 596 1265 speciem
670 1182 991 1266 quandam
1064 1181 1462 1268 integritatis
1530 1183 1751 1247 reficta
1816 1189 1982 1248 sunt.
2092 1183 2348 1270 Demas,

313 1311 549 1372 quaeso
560 1339 578 1373 ,
644 1311 807 1373 quae
873 1288 1232 1374 marginem
1299 1288 1608 1354 efficiant:
1675 1289 2110 1355 additamenta
2171 1295 2348 1355 sunt:

312 1394 499 1458 facile
539 1417 613 1458 ea
652 1394 901 1459 fissuris
940 1394 1327 1478 quibusdam
1364 1395 1779 1481 internosces,
1818 1395 2056 1479 quibus
2093 1395 2347 1478 Neapo-

311 1500 549 1565 litanos
597 1500 1031 1565 additamenta
1079 1522 1193 1564 sua
1240 1500 1604 1586 significare
1650 1500 1930 1565 voluisse
1968 1506 2147 1585 puto.
2220 1501 2346 1585 Op-

311 1607 469 1671 time
516 1608 639 1673 hoc
687 1630 892 1693 genus
939 1606 1165 1671 edendi
1213 1606 1576 1672 illustratur
1612 1606 1764 1671 VH2
1809 1608 1917 1671 fol.
1960 1610 2088 1673 170
2125 1609 2200 1671 fr.
2244 1608 2346 1691 11,

314 1716 413 1780 10.
478 1714 764 1779 Litterae
801 1713 1077 1778 mediam
1115 1713 1422 1799 paginam
1462 1713 1778 1778 obtinent.
1839 1713 2110 1800 Legitur
2146 1737 2202 1778 v.
2238 1717 2345 1778 10:

312 1823 707 1904 rogecvo‘effi
764 1825 835 1884 ut
893 1821 1014 1884 sub
1071 1819 1291 1884 littera
1340 1837 1381 1885 σ
1426 1825 1737 1904 appareat
1782 1820 2045 1906 lineola,
2101 1820 2345 1885 scilicet

311 1927 570 2013 signum
616 1926 1177 2013 interpunctioniS,
1225 1927 1398 2012 quod
1444 1927 1631 1992 initio
1670 1949 1971 1994 versuum
2009 1927 2342 2014 subiungi-

310 2039 431 2098 tur.
532 2032 1091 2118 Deprehendimus
1147 2033 1350 2121 igitur
1403 2034 1710 2121 paginam
1767 2036 2121 2121 sinistram,
2179 2057 2341 2120 quae

308 2140 518 2204 media
564 2140 904 2223 proposita
952 2139 1134 2228 est.1)
2282 2229 2283 2234 ἵ

440 2245 843 2332 Apographa
864 2246 1254 2312 Oxoniensia
1282 2250 1365 2313 ab
1387 2249 1762 2315 hominibus
1780 2251 2041 2335 linguae
2064 2246 2339 2313 Graecae

308 2352 528 2417 insciis
584 2357 649 2416 et
705 2375 779 2415 eo
835 2355 1129 2436 tempore
1188 2355 1506 2438 confecta,
1563 2377 1690 2437 quo
1739 2355 2094 2439 integriora
2141 2354 2340 2417 fuisse

307 2460 606 2524 videntur
658 2457 1011 2541 volumina,
1066 2457 1255 2521 modo
1302 2457 1661 2543 meliorem,
1717 2459 1908 2522 modo
1958 2457 2339 2522 deteriorem
2394 2449 2403 2453 ’

308 2572 561 2632 textum
600 2565 925 2649 exhibent,
964 2565 1344 2649 plerumque
1384 2569 1600 2629 autem
1636 2564 2010 2648 pleniorem.
2056 2562 2336 2628 Versum

311 2674 618 2738 omissum
676 2695 813 2738 esse
865 2694 993 2737 uno
1041 2675 1296 2735 tantum
1341 2670 1482 2735 loco
1530 2669 1793 2735 memini
1838 2670 1909 2734 in
1954 2671 2340 2754 ὑπομνημα-

308 2790 466 2868 τικῷ
516 2780 632 2845 col,
671 2782 785 2865 40,
834 2779 1006 2863 quod
1051 2778 1120 2842 in
1163 2778 1229 2843 N
1276 2775 1534 2860 saepius
1582 2776 1829 2841 accidit.

458 3081 511 3147 1)
562 3078 723 3143 Quod
768 3078 884 3131 iam
921 3078 1137 3133 Kemke
1187 3080 1244 3132 et
1279 3076 1567 3131 Hausrath
1611 3075 1672 3129 in
1716 3074 1878 3129 libris
1919 3077 1988 3131 de
2027 3076 2244 3131 musica
2281 3078 2339 3129 et

307 3166 378 3221 de
417 3166 696 3235 poematis
736 3167 903 3221 editis
941 3168 1283 3221 notaverunt
1318 3165 1559 3235 paginas
1598 3166 1904 3234 diremptas
1945 3168 2004 3220 et
2030 3165 2174 3219 falso
2205 3182 2336 3219 con-

308 3254 629 3325 taminatas,
666 3255 727 3310 in
762 3254 969 3310 nostris
1008 3272 1230 3324 quoque
1267 3254 1428 3310 libris
1469 3255 1676 3310 accidit
1715 3255 1869 3310 velut
1902 3254 2069 3309 initio
2108 3255 2241 3309 libri
2260 3256 2329 3323 V,

306 3344 457 3411 quod
495 3343 733 3413 singulis
771 3343 912 3399 locis
952 3342 1240 3412 adscripsi.
