2650 3903
1076 157 1604 212 -xxv1—

322 310 570 374 lustret.
643 306 813 373 Nam
853 307 963 390 qui
1002 330 1064 390 p.
1094 308 1200 391 47,
1233 307 1511 392 14—68,
1545 311 1576 372 1
1623 306 1920 392 citantur,
1958 331 2180 374 omnes
2219 333 2357 376 esse

324 412 682 497 Epicureos
738 417 1015 497 constat,
1072 413 1224 497 quia
1273 414 1507 478 horum
1554 414 1911 480 sententiae
1959 415 2039 478 ad
2085 414 2357 499 Epicuri

323 542 617 584 normam
664 542 885 585 omnes
932 519 1398 585 examinantur.
1475 519 1762 604 Cumque
1811 543 2226 607 quaecunque
2274 525 2357 588 ab

326 625 471 690 aliis
536 626 669 691 sive
735 625 1145 710 philosophis
1210 627 1344 693 sive
1408 626 1749 691 rhetoricis
1807 627 2137 713 disputata
2191 636 2360 715 sunt,

324 733 711 798 rhetoricam
757 737 962 798 artem
1010 755 1147 798 esse
1195 737 1307 798 aut
1347 737 1590 818 negent
1628 736 1740 797 aut
1778 734 2079 820 probent,
2123 737 2360 822 viginti

323 839 455 902 fere
515 838 617 902 vel
681 840 900 923 plures
967 839 1161 904 etiam
1225 840 1504 924 ,,λόγοι“
1570 838 1672 903 vel
1738 839 2190 924 ,,ἀποδείξεις“
2255 843 2383 913 vel,

324 946 664 1028 ,,πίστεις“
718 950 1156 1031 recensentur,
1223 945 1460 1030 quibus
1516 945 1904 1010 rhetoricam
1959 951 2163 1011 artem
2220 969 2357 1013 esse

321 1056 623 1136 negetur,
698 1074 838 1136 sex,
905 1052 1142 1136 quibus
1210 1052 1604 1117 defendatur.
1713 1052 2078 1118 Philodemi
2143 1056 2358 1117 autem

323 1157 487 1221 ratio
546 1179 620 1221 ea
677 1162 800 1243 est,
856 1163 930 1222 ut
982 1158 1145 1242 ipsis
1192 1162 1529 1223 auctorum
1575 1157 1792 1223 verbis
1840 1156 2198 1243 propositis
2245 1180 2359 1223 sua

326 1262 577 1349 adiciat,
626 1265 823 1329 semel
870 1264 1067 1330 etiam
1113 1264 1509 1350 praemittat.
1526 1263 1575 1351 ¹)
1651 1263 1757 1330 Sic
1795 1263 1967 1329 enim
2004 1264 2164 1330 illud
2203 1264 2358 1330 δέον

324 1370 437 1435 ε’πί
475 1394 678 1435 τινων
723 1375 1153 1457 προρρήσεως
1196 1370 1307 1438 καὶ
1354 1371 1756 1458 ἐπιρρήσεως
1802 1373 1914 1454 31,
1963 1376 1994 1435 1
2046 1370 2357 1455 interpre-

324 1478 592 1542 tandum
638 1480 751 1541 est.

457 1585 580 1649 His
636 1588 852 1649 autem
898 1583 1061 1668 ipsis
1109 1588 1331 1667 λόγοις
1376 1607 1508 1649 non
1554 1585 1759 1649 multa
1806 1582 2223 1649 antecessisse
2269 1583 2358 1647 vi·

326 1690 572 1756 dentur.
667 1691 1066 1775 Quamquam
1114 1690 1285 1755 enim
1334 1695 1833 1756 consentaneum
1880 1695 1978 1754 est
2025 1711 2198 1772 eum,
2246 1688 2357 1772 qui

329 1797 405 1860 de
471 1798 791 1863 rhetorica
857 1797 1217 1881 scripturus
1282 1795 1400 1882 sit,
1475 1796 1880 1862 definitiones
1942 1795 2087 1860 illas
2150 1795 2358 1859 varias

324 1903 517 1970 huius
565 1905 723 1969 artis
769 1925 1118 1988 recensere,
1163 1907 1381 1968 tamen
1424 1901 1561 1989 XI2,
1592 1905 1675 1969 99
1716 1908 1780 1970 et
1816 1902 1953 1988 IX2,
1982 1904 2065 1968 99
2115 1899 2358 1991 (01:212,

329 2008 488 2097 153)
544 2011 610 2076 id
667 2011 734 2075 in
790 2010 1063 2097 singulis
1119 2014 1345 2093 λόγοις
1398 2014 1729 2095 tamquam
1776 2010 2112 2076 subseciva
2160 2032 2357 2094 opera

325 2120 569 2184 factum
634 2140 770 2185 esse
835 2118 1105 2183 videtur.
1205 2116 1309 2181 Ibi
1376 2117 1547 2182 enim
1603 2139 1768 2202 opus
1823 2115 2181 2181 rhetoricae
2237 2125 2356 2181 τοῦ

324 2228 589 2290 πείθειν
618 2249 716 2301 τις
747 2225 1029 2309 δύναμις
1055 2227 1174 2291 τὸν
1203 2223 1537 2311 ἀκροατὴν
1584 2222 1888 2288 definitur
1933 2228 2000 2288 et
2035 2222 2184 2287 finis
2223 2222 2359 2286 eius

325 2332 400 2394 τὸ
458 2333 614 2405 τοὺς
669 2329 1147 2413 ἐνδεχομένους
1202 2331 1296 2406 εἰς
1350 2331 1430 2394 τὰ
1484 2333 1913 2415 προβλήματα
1966 2333 2208 2413 λόγους
2253 2328 2360 2393 εὑ-

327 2432 534 2520 ρεϊνῖ)
583 2433 831 2499 dicitur.
864 2470 943 2481 —-
975 2432 1114 2499 Nec
1161 2433 1237 2496 cle
1285 2434 1626 2499 cunabulis
1665 2440 1730 2499 et
1766 2436 2162 2500 incremento
2201 2433 2358 2498 artis

326 2543 523 2623 caput
569 2537 995 2624 praemissum
1043 2561 1178 2604 esse
1219 2538 1475 2605 Coracis
1523 2545 1587 2606 et
1622 2539 2053 2625 Antiphontis
2097 2540 2360 2605 nomina

323 2646 462 2732 lX2,
522 2649 645 2713 111
714 2647 973 2711 laudata
1036 2646 1197 2711 mihi
1262 2648 1645 2731 persuadere
1703 2652 2074 2731 potuerunt.
2176 2647 2361 2724 Quod

328 2751 601 2835 denique
633 2751 927 2838 Gorgiae,
962 2751 1284 2839 Isocratis,
1319 2754 1568 2838 Lysiae,
1608 2753 1718 2839 qui
1757 2754 1859 2819 his
1898 2756 2358 2837 successerunt,

324 2857 461 2941 XI2,
491 2860 574 2923 96
622 2858 865 2923 mentio
912 2861 1006 2944 fit,
1052 2860 1176 2924 hoc
1214 2881 1469 2945 quoque
1507 2860 1575 2924 in
1614 2859 1829 2945 aliquo
1869 2860 2081 2943 capite
2120 2859 2358 2946 attingi

326 2964 533 3051 magis
582 2985 776 3049 quam
822 2987 939 3049 per
986 2989 1053 3031 se
1102 2966 1365 3031 tractari
1404 2972 1583 3051 put0.
1657 2966 1849 3031 Falso
1890 2967 2079 3051 enim,
2126 2967 2356 3051 inquit,

323 3071 619 3138 nonnulli
667 3076 1104 3156 exposuerunt
1151 3072 1298 3138 iHos
1334 3073 1580 3138 nuHam
1627 3095 1694 3137 se
1742 3073 2077 3138 scientiam
2115 3074 2354 3137 habere

324 3181 651 3263 professos
699 3200 852 3243 esse.

464 3340 518 3407 1)
556 3337 626 3393 cf.
664 3356 718 3407 p.
750 3343 835 3407 43,
876 3342 1108 3404 29—44,
1149 3341 1231 3391 10.

467 3429 523 3496 2)
568 3426 728 3480 Hanc
775 3426 1165 3495 quaestionem
1212 3440 1271 3480 se
1319 3424 1654 3480 omissurum
1703 3425 1866 3493 dicit,
1915 3423 2052 3491 quia
2096 3422 2242 3476 libro
2281 3421 2359 3476 IV

324 3530 449 3569 eam
487 3513 596 3568 fuit
633 3516 995 3569 tractaturus,
