2650 3903
1042 209 1120 220 —
1213 183 1449 236 xxxv1
1543 211 1624 218 —

871 342 969 396 De
1017 343 1419 409 argumento
1465 340 1623 397 libri
1667 341 1789 398 111.

453 472 605 539 Non
653 473 910 557 dubito,
964 473 1121 557 quin
1165 471 1282 536 ΙΧ2
1329 473 1437 537 fol.
1491 475 1643 557 128,
1700 474 1776 537 fr.
1826 475 1864 539 8
1913 470 2173 535 initium
2220 473 2354 536 fere

321 579 476 646 libri
523 578 702 643 tertii
750 579 835 643 sit
882 578 1218 663 deperditi.
1287 576 1550 662 Ἐπειδὴ
1600 575 1674 643 δὲ
1719 576 1871 663 περὶ
1917 588 2035 644 τοῦ
2080 579 2203 661 τὴν
2242 580 2357 663 ρη-

324 686 597 771 τορικὴν
633 684 872 770 τέχνην
910 686 1031 771 οὐχ
1068 685 1391 771 ὑπάρχειν
1419 684 1626 771 (pap.:
1656 733 1671 749 .
1693 682 1969 770 ..εχειν)
2010 683 2118 750 καὶ
2155 685 2356 751 πάλιν

323 788 493 877 ὑπὲρ
541 801 660 856 τοῦ
705 790 944 877 τέχνην
988 802 1185 857 τοῦτο
1225 790 1671 874 διειλέγμεθα,
1717 788 1828 855 καὶ
1864 798 1994 855 νῦν
2031 789 2358 875 μέλλομεν

327 899 774 983 παραδιδόναι
824 899 1008 974 ἰδίως
1052 898 1238 975 τινὰς
1281 896 1391 962 καὶ
1440 898 1551 961 διὰ
1596 907 1730 962 τῶν
1770 900 2098 962 πλείστων
2135 901 2358 980 λόγων

328 1004 687 1086 διηκούσας
732 1006 797 1068 εἰ
839 1006 927 1088 μὴ
973 1003 1084 1070 καὶ
1132 1005 1243 1068 διὰ
1288 1004 1560 1069 πάντων
1604 1005 1856 1081 κακίας·
1906 1003 2185 1087 μάλιστα
2231 1004 2358 1089 γὰρ

325 1109 410 1174 ἂν
449 1109 658 1186 οὕτως
695 1112 1055 1193 μεθοδικὸς
1091 1110 1128 1177 ὁ
1166 1113 1409 1196 τρόπος
1439 1110 1746 1196 εὑρεθείη
1789 1119 1904 1193 τῆς
1931 1108 2361 1193 ἀντιγραφῆς,

329 1213 448 1280 ἐὰν
504 1213 634 1280 ἀπό
689 1238 892 1282 τινων
946 1220 1387 1303 πορευόμενοι
1433 1219 1776 1300 στοιχείων
1823 1215 2361 1298 διαστελλώμεθα

325 1322 441 1398 τὰς
497 1323 836 1399 διακοπάς.
927 1328 1212 1408 Πρῶτον
1268 1320 1391 1408 μὲν
1453 1318 1578 1389 οὖν
1624 1322 1897 1406 ἐξέσται,
1941 1318 2361 1406 πρόχειρονῑ)

328 1439 516 1494 νοεῖν
555 1426 660 1492 ἐπὶ
697 1437 812 1511 τῆς
848 1428 1198 1512 ῥητορικῆς
1225 1432 1457 1504 κακίας
1483 1437 1861 1514 χαρακτῆρα
1892 1478 1903 1491 .
1936 1478 1948 1491 .
1977 1426 2080 1490 vel
2109 1426 2361 1491 similia.

464 1533 733 1618 Singula
770 1537 1041 1617 propter
1076 1532 1392 1597 maximas
1425 1532 1686 1597 lacunas
1714 1533 1960 1597 incerta
1987 1537 2163 1597 sunt:
2202 1532 2364 1596 illud

329 1660 480 1703 vero
521 1644 793 1722 apparet
820 1638 1271 1703 Philodemum
1307 1639 1481 1703 huno
1516 1638 1761 1703 librum
1797 1638 1926 1722 ipsi
1959 1637 2162 1721 priori
2191 1640 2363 1722 parti

329 1744 485 1810 libri
551 1746 810 1810 secundi
877 1744 1261 1810 adiunxisse.
1361 1745 1460 1810 De
1526 1750 1666 1810 toto
1733 1747 2113 1831 argumento
2170 1766 2364 1828 porro

330 1851 453 1915 sub
510 1853 706 1915 finem
760 1851 915 1915 libri
960 1851 1023 1915 H
1078 1852 1201 1915 hoc
1247 1851 1526 1937 legimus
1573 1875 1637 1936 p.
1681 1854 1835 1937 135,
1880 1853 1971 1916 40
1991 1873 2127 1936 sqq.
2195 1852 2365 1916 διότι

333 1956 485 2043 περὶ
540 1959 662 2041 τὴν
715 1962 1059 2043 πολιτικὴν
1116 1959 1476 2046 ῥητορικὴν
1531 1960 1654 2025 οὐκ
1699 1962 1879 2026 ἔστιν
1924 1960 1965 2043 ἡ
2014 1962 2364 2045 σοφιστικὴ

333 2066 583 2149 εἴδησις
632 2103 715 2111 -
763 2073 957 2130 τοῦτο
1013 2063 1511 2151 ὑπερτιθέμεθα
1556 2068 1631 2131 τὸ
1678 2064 1875 2154 μέρος
1921 2068 2015 2144 εἰς
2057 2069 2176 2131 τὸν
2224 2063 2368 2148 ἑξῆς

333 2169 604 2237 τουτουὶ
643 2178 1285 2258 συγγραφησόμενον
1321 2172 1933 2258 ὑπομνηματισμόν.
1990 2170 2103 2237 Ἐν
2137 2171 2365 2259 ἐκείνω

333 2276 460 2360 γὰρ
497 2276 1078 2362 ὑποδειχθήσεται,
1121 2282 1293 2345 διότι
1330 2281 1633 2362 πολιτικὴ
1674 2280 1956 2362 δύναμις
1994 2278 2077 2343 οὐ
2114 2283 2368 2361 μᾶλλον

335 2378 408 2444 ἐκ
463 2389 596 2443 τῶν
655 2393 1060 2463 σοφιστικῶν
1114 2384 1371 2446 τούτων
1427 2383 1894 2447 ἀποτελεῖσθαι
1943 2384 2221 2447 δύναται
2271 2384 2369 2445 δι-

340 2485 753 2549 δασκαλείων
791 2483 830 2566 ἢ
870 2485 982 2549 διὰ
1018 2495 1153 2548 τῶν
1190 2495 1661 2569 γραμματικῶν
1691 2485 1730 2568 ἢ
1760 2488 2174 2570 φιλοσόφων,
2211 2490 2370 2549 πολ-

339 2590 526 2666 λάκις
582 2586 656 2653 δὲ
710 2587 820 2653 καὶ
875 2589 1128 2673 βλάβης
1182 2587 1332 2673 οὐχὶ
1388 2594 1655 2675 μετρίας
1703 2585 1789 2673 ἦν
1833 2591 1873 2674 ἡ
1922 2598 2147 2672 κτῆσις
2192 2591 2369 2654 αἰτία

334 2695 836 2761 καθιστάνουσα
875 2691 1034 2759 οὐδὲ
1070 2695 1186 2771 τάς
1223 2692 1330 2759 ἐπὶ
1367 2706 1501 2760 τῶν
1534 2694 1881 2778 ἀληθινῶν
1910 2695 2192 2778 ἀγώνων
2220 2696 2370 2781 εὐη-

338 2801 582 2884 μερίας.
648 2799 809 2865 Cum
849 2823 975 2885 quo
1015 2800 1261 2884 optime
1300 2801 1616 2887 congruit,
1656 2802 1827 2886 quod
1853 2799 1989 2886 DF,
2021 2804 2369 2869 121—132

339 2905 725 2988 disputatur.
821 2905 912 2971 Cf.
962 2930 1012 2970 e.
1051 2928 1111 2993 g.
1164 2909 1317 2992 131,
1362 2909 1512 2974 132:
1565 2931 1734 2992 „non
1780 2909 2125 2974 obscurum
2171 2911 2367 2975 immo

338 3012 483 3095 ipsa
545 3011 679 3075 vita
734 3016 1012 3076 testatur
1070 3012 1550 3098 [philosophos]
1609 3016 1802 3080 urbes
1856 3038 1985 3080 non
2041 3022 2370 3081 conterere

341 3118 674 3182 commoda
729 3140 948 3182 earum
1001 3119 1467 3205 venditantes“‚
1532 3143 1678 3185 oum
1732 3128 2027 3206 spectent
2082 3124 2372 3186 rhetores

342 3246 530 3288 suum
596 3224 865 3309 quisque
922 3226 1343 3290 commodum.
1438 3228 1838 3312 Quamquam
1893 3228 2149 3313 singula
2205 3228 2372 3310 frag-

343 3335 561 3393 menta
608 3331 766 3396 satis
814 3331 1007 3395 exilia
1054 3336 1220 3396 sunt.

494 3525 543 3590 1)
585 3520 871 3592 Coniunge
910 3525 1211 3596 πρόχειρον
1252 3570 1262 3580 .
1296 3569 1307 3581 .
1341 3571 1353 3582 .
1393 3532 1719 3597 χαρακτῆρα
1757 3532 1912 3581 νοεῖν
1953 3522 2185 3591 ἐξέσται.
