2650 3903
1128 166 1573 218 -XL—

468 317 709 394 Quarto
748 315 918 379 libro
958 314 1038 377 ad
1076 313 1332 399 singula
1368 315 1702 379 rhetorum
1740 319 2085 398 praecepta
2113 315 2367 380 descen-

335 424 491 487 dens
537 421 723 486 illum
769 425 982 485 totum
1025 425 1413 504 apparatum
1449 421 1543 486 nil
1575 421 1785 486 valere
1824 421 1904 485 ad
1940 421 2365 505 persuadendi

336 535 541 594 artem
587 528 689 593 vel
736 527 815 591 ad
861 527 1338 592 institutionem
1382 527 1718 593 liberalem
1766 528 2035 611 exponit
2081 550 2153 592 ao
2190 529 2367 592 fatue

338 636 484 700 illos
545 639 681 699 arte
738 655 852 698 sua
907 639 1236 719 tamquam
1293 638 1560 720 parente
1610 633 1975 700 litterarum
2022 640 2087 699 et
2133 635 2370 699 artium

336 741 617 826 gloriari.
693 738 876 817 Quod
922 745 1137 805 autem
1184 741 1248 805 in
1298 742 1425 804 fine
1471 739 1664 803 huius
1708 739 1864 804 libri
1911 746 2370 805 commemorat

338 845 503 932 μέρη
560 844 668 911 καὶ
723 847 1091 930 διδάγματα
1137 856 1251 930 τῆς
1297 848 1648 933 ῥητορικῆς
1701 843 1890 932 (223,
1938 848 2005 930 6,
2057 844 2152 932 7),
2208 845 2370 909 illud

337 954 418 1016 ad
472 952 716 1017 librum
761 951 999 1038 I—HI‚
1054 953 1177 1016 hoc
1234 953 1314 1016 ad
1369 951 1612 1016 librum
1662 950 1757 1017 IV
1801 952 2206 1016 referendum
2254 956 2369 1015 est.

341 1059 627 1143 Cumque
694 1058 901 1122 adhue
964 1059 1320 1123 rhetoricae
1386 1063 1605 1142 partes
1672 1080 1745 1122 ao
1800 1063 2147 1144 praecepta
2204 1057 2371 1123 nihil

339 1166 643 1250 prodesse
710 1165 1221 1230 demonstratum
1286 1165 1398 1250 sit,
1472 1165 1806 1248 aptissime
1873 1189 1939 1230 se
2003 1165 2371 1229 additurum

340 1271 847 1355 disputationem
884 1271 1212 1356 promittit
1258 1272 1328 1336 in
1373 1273 1500 1336 fine
1547 1272 1739 1338 huius
1785 1272 1957 1357 libri,
2006 1295 2131 1355 qua
2175 1271 2372 1334 etiam

338 1400 567 1442 nocere
642 1378 864 1442 fraude
937 1379 1208 1442 mixtam
1281 1379 1670 1443 rhetoricam
1743 1381 2070 1462 appareat.
2190 1375 2373 1454 Quod

339 1485 509 1548 libro
556 1485 620 1550 V
666 1483 1035 1567 expositum
1083 1506 1219 1548 esse
1265 1484 1400 1548 veri
1449 1482 1656 1548 simile
1704 1489 1819 1548 est.

919 1779 1016 1832 De
1063 1779 1467 1846 argumento
1513 1775 1672 1831 libri
1717 1776 1796 1831 V.

480 1908 606 1974 Hio
643 1908 829 1993 liber,
870 1930 1060 1994 quem
1100 1907 1327 1993 quinto
1366 1908 1508 1973 looo
1546 1908 1754 1994 posui,
1793 1930 1871 1973 ex
1900 1929 2153 1993 papyro
2188 1908 2377 1994 1669,

346 2038 509 2100 quae
558 2015 863 2080 continua
910 2019 1025 2099 est,
1073 2019 1138 2079 et
1184 2016 1454 2101 papyris
1492 2018 1641 2100 220,
1683 2018 1870 2101 1078,
1912 2017 2086 2082 1080
2124 2020 2377 2079 constat

345 2123 449 2206 (cf.
497 2146 557 2204 p.
597 2122 763 2208 ΧΠ).
839 2122 1021 2198 Quod
1071 2128 1133 2184 et
1181 2128 1560 2208 argumento
1612 2128 1674 2184 et
1724 2126 1930 2186 forma
1978 2122 2390 2206 singularum,

349 2230 629 2308 partium
679 2230 1099 2292 demonstrari
1151 2236 1383 2310 potest.
1459 2230 1608 2294 Non
1648 2234 1864 2310 potest
1904 2252 2022 2312 pro
2064 2234 2236 2292 certo
2278 2228 2380 2290 de-

347 2334 687 2394 monstrari
747 2336 913 2396 hune
963 2336 1203 2396 librum
1253 2336 1552 2416 quintum
1600 2356 1762 2418 esse,
1822 2334 1992 2416 quod
2036 2333 2196 2396 mihi
2244 2332 2380 2416 qui-

349 2440 491 2502 dem
549 2462 625 2500 ex
683 2438 785 2502 his
839 2438 1199 2500 Philodemi
1257 2440 1375 2502 sub
1435 2440 1630 2502 finem
1684 2438 1838 2502 libri
1896 2437 2170 2578 quarti
2160 2436 2380 2567 vorbis

346 2546 477 2608 ieri
547 2546 753 2608 simile
821 2544 1187 2606 videbatur:
1265 2544 1364 2608 ὅτι
1429 2542 1538 2608 καὶ
1602 2544 1898 2628 βλάπτει
1935 2550 2146 2633 nites?

349 2654 647 2734 ἀπάταις,
697 2654 789 2728 εἰς
835 2654 1039 2716 ἄλλον
1079 2652 1312 2736 καιρὸν
1349 2650 1606 2736 ἡμεῖς’
1570 2655 1991 2739 ‘
2329 2631 2391 2645 d

348 2762 465 2822 hoc
517 2760 731 2842 ipsum
781 2764 877 2822 est
925 2760 1381 2844 argumentum
1423 2753 1830 2843 humes·
1879 2820 1900 2822 γ.
1937 2820 1942 2821 ff
1978 2767 2015 2823 ’.

350 2866 439 2928 rei
498 2864 797 2948 publicae
855 2870 919 2928 et
977 2864 1137 2948 ipsis
1193 2861 1689 2956 oratofibffs1⁷⁴

349 2973 585 3057 diique
643 2971 1026 3055 proferendo
1083 2967 1471 3062 ·
1538 2967 1553 2987 ”

350 3081 473 3145 Sed
521 3103 645 3165 quo
695 3079 883 3143 modo
933 3097 1204 3163 cunque
1217 3093 1331 3167 ς’ξζ

351 3189 607 3271 perabit
655 3189 748 3251 ita
793 3180 1242 3259 rat100man÷;-'·
