2650 3903
1016 204 1096 211 —-
1192 175 1430 230 XXVIII
1523 205 1605 212 ——

427 326 488 389 b.
539 374 552 389 .
584 375 598 390 .
630 374 644 390 .
692 333 769 410 τῇ
818 325 1098 408 δυνάμει
1143 322 1437 411 θάτέρου
1485 327 1695 410 μόνον
1741 335 1856 411 τῆς
1901 326 2136 414 τέχνης
2182 353 2330 413 μετ-

295 428 640 514 εσχηκέναι
687 427 951 515 μέρους,
996 428 1289 517 θάτέρου
1339 427 1413 496 δὲ
1449 430 1904 520 ἠμοιρηκέναι,
1949 436 2066 500 τὸν
2103 432 2333 518 μέντοι

293 535 548 603 τέλειον
593 536 634 622 ἢ
683 535 931 622 ῥήτορα
988 536 1600 622 συγκεκροτημένον
1658 538 1723 616 ἐξ
1772 539 2023 625 ἀμφοῖν
2068 539 2329 623 ἀγαθὸν

296 645 509 728 ἄνδρα
554 640 666 707 καὶ
711 644 990 726 πολίτην
1036 636 1207 707 εἶναι
1256 644 1368 707 διὰ
1413 646 1658 720 παντός
1701 642 1836 728 XF,
1889 647 2031 712 105.
2122 647 2335 712 Locus

294 749 733 813 subobscurus
781 751 894 812 est.

427 876 477 919 e.
544 903 559 919 .
590 904 604 918 .
635 904 650 919 .
712 851 811 919 ἐπ’
877 852 1092 942 ἐκεῖνο
1158 858 1544 938 μεταβῶμεν
1608 865 1743 919 τῶν
1799 855 2018 921 αὐτῶν
2072 859 2146 921 τὸ
2203 859 2325 942 τὴν

293 962 640 1045 πολιτικὴν
697 960 1054 1046 ῥητορικὴν
1110 958 1350 1045 τέχνην
1405 956 1527 1044 μὲν
1583 960 1938 1048 ὑπάρχειν,
1996 957 2195 1046 ἦττον
2253 960 2327 1028 δὲ

294 1065 563 1153 ἑτέρων·
640 1069 1077 1153 συνεφώνουν
1151 1067 1278 1153 γὰρ
1354 1067 1623 1149 ὀλίγους
1693 1065 1732 1107 '¹‘
1805 1066 2330 1153 ἐκπεπονηκότας

293 1169 467 1238 εἶναι
516 1174 845 1251 δυνατοὺς
899 1175 1210 1259 ἄντικρυς
1264 1173 1516 1258 λέγειν,
1573 1174 1661 1250 ὡς
1706 1177 2066 1258 μουσικούς
2109 1200 2329 1261 φαμεν

290 1284 447 1357 τοὺς
504 1288 618 1363 τῆς
678 1290 998 1365 μουσικῆς
1056 1284 1298 1364 λόγους
1357 1281 1794 1366 ἀνειληφότας
1846 1280 1961 1368 X²‚
2013 1284 2155 1348 146.
2233 1280 2327 1347 Cf.

293 1385 428 1471 IX2‚
474 1388 580 1452 44.
1661 1401 1667 1407 ’

427 1494 482 1558 d.
549 1495 790 1579 ματαία
858 1489 933 1556 δὲ
995 1489 1106 1557 καὶ
1169 1491 1210 1574 ἡ
1275 1493 1480 1577 ταύτῃ
1547 1493 1829 1575 συνεχὴς
1892 1491 2226 1571 ἀπόδειξις
2283 1495 2326 1577 ἡ

293 1598 692 1676 καταξιοῦσα
757 1594 879 1683 μὲν
945 1597 1033 1683 μὴ
1098 1598 1534 1681 μεταβάλλειν
1596 1598 1712 1674 τάς
1777 1596 2130 1683 ἐπιστήμας
2187 1611 2328 1677 τοῖς

290 1709 543 1790 τόποις,
596 1706 722 1789 τὴν
779 1701 853 1769 δὲ
909 1704 1265 1790 ῥητορικὴν
1325 1703 1602 1769 ἀλλοίαν
1648 1701 2114 1788 ἀποφαίνουσα
2160 1707 2325 1770 κατὰ

293 1814 509 1897 χώρας
544 1813 656 1877 καὶ
692 1813 852 1895 άστη
890 1809 995 1894 X2‚
1037 1811 1180 1875 148.
1254 1808 1347 1874 Cf.
1385 1808 1521 1894 XF,
1563 1811 1716 1875 104:
1765 1809 2119 1894 ἀπόδειξις,
2163 1808 2319 1876 καθ’

295 1917 380 2002 ἣν
427 1915 643 2002 ἐκείνη
691 1918 1084 2011 μεταβάλλει
1125 1928 1264 1996 τοῖς
1300 1920 1549 2001 τόποις,
1596 1914 1749 1983 ὥστ’
1786 1918 2012 1996 ἄλλοις
2050 1917 2327 1984 ἀλλοίαν

296 2024 755 2110 ε’φαρμόττεινε
822 2025 993 2109 quod
1053 2024 1406 2089 medicinae
1463 2024 1760 2108 exemplo
1817 2022 1952 2109 IX2‚
2004 2027 2150 2110 103,
2200 2028 2330 2090 104

292 2132 628 2196 refutatur.

425 2260 476 2302 e.
524 2249 658 2302 τῶν
696 2233 771 2302 δὲ
807 2247 1047 2303 τοῦτον
1083 2240 1202 2303 τὸν
1241 2241 1448 2321 λόγον
1486 2239 2028 2323 ὃιηκριβωκότων
2063 2242 2326 2325 προχεί-

292 2367 416 2427 ρου
462 2340 824 2425 γενομένης
868 2344 995 2425 ἤδη
1042 2352 1159 2427 τῆς
1198 2344 1453 2428 πλάνης
1489 2352 1627 2420 πῶς
1665 2341 1816 2430 οὐχὶ
1852 2345 1969 2408 τὸν
2009 2342 2152 2427 ἑξῆς
2189 2345 2328 2410 έπι-

289 2449 731 2532 θαυμάσομεν
775 2457 1083 2513 τοιοῦτον
1129 2446 1538 2533 ὑπάρχοντα·
1599 2456 1829 2537 ,,εἰ’περ
1876 2448 2214 2514 ἀπατῶσιν
2261 2450 2333 2514 οἱ

296 2556 596 2641 ῥήτορες,
645 2553 756 2619 καὶ
804 2551 994 2619 αὐτοὶ
1041 2547 1228 2642 ᾧτινι
1274 2543 1612 2621 ἀπατῶσιν
1659 2556 2056 2641 ἀπατῶνται,
2103 2556 2324 2642 ὥσπερ

298 2656 443 2727 οὐδ’
506 2662 721 2739 ἄλλως
782 2664 1034 2743 γίνεται
1094 2659 1168 2726 ἐν
1226 2661 1457 2748 ὁράσει
1512 2661 1657 2728 οὐδ’
1720 2663 2015 2729 ἀκούσει·
2082 2664 2145 2728 εἰ
2196 2664 2324 2749 γὰρ

290 2769 469 2855 ἄλλῳ
529 2766 944 2852 συμβέβηκεν
999 2767 1040 2850 ἡ
1098 2766 1345 2853 ἀπάτη,
1409 2768 1519 2834 καὶ
1577 2770 1775 2847 αὐτὸς
1831 2769 2176 2835 ἀπατᾶται·
2244 2769 2327 2833 οὐ

291 2877 545 2957 μᾶλλον
601 2875 832 2937 τοίνυν
889 2871 1226 2939 ἀπατῶσιν
1281 2873 1323 2958 ἢ
1382 2873 1823 2941 ἀπατῶνταιζζ.
1913 2874 2058 2962 DQ,
2104 2878 2190 2941 48
2241 2907 2325 2929 =

288 2977 424 3064 XF,
463 2980 566 3043 93.
639 2977 716 3044 In
764 2980 986 3044 eodem
1033 2985 1415 3067 argumento
1453 2986 1745 3047 versatur
1779 2980 1884 3065 X2,
1925 2984 2048 3047 147
2092 2987 2156 3047 et
2193 2981 2329 3066 IX²‚

290 3087 574 3171 45—47‚
613 3107 740 3170 quo
781 3086 1039 3169 quidem
1075 3087 1218 3151 loeo
1258 3110 1338 3151 ex
1377 3089 1832 3174 grammaticae
1872 3094 1938 3153 et
1975 3089 2326 3153 medicinae

289 3194 709 3259 similitudine
783 3193 1089 3258 refutatio
1166 3195 1430 3278 petitur.
1543 3194 1849 3261 Conferas
1925 3196 2119 3260 etiam
2191 3192 2327 3277 IX2‚

285 3303 373 3365 49
395 3323 531 3386 sqq.

422 3407 464 3470 f.
510 3408 713 3472 πάλιν
762 3418 1109 3492 σκοπῶμεν
1150 3409 1269 3474 τὸν
1306 3407 1564 3494 ἐφεξῆς,
1609 3404 1765 3475 καθ’
1812 3409 1892 3475 ὃν
1928 3408 2167 3494 ἠξίωσε
2203 3416 2322 3473 πᾶ-

289 3531 413 3578 σαν
469 3512 833 3598 ἐπιστήμην
890 3516 1064 3600 ἔχειν
1123 3516 1301 3579 ἰδίαν
1359 3515 1563 3600 ὕλην,
1618 3514 1768 3602 περὶ
1813 3516 1899 3599 ἣν
1948 3513 2328 3601 στρέφεται·
