2650 3903
63 0 2536 67 fissfrm

1135 260 1220 268 —
1312 233 1447 287 vm
1538 261 1621 269 -

365 383 528 467 quit.
606 379 801 446 Cuius
847 381 1241 446 mentionem
1286 381 1629 467 faciebam,
1678 405 1823 448 cum
1870 383 2006 448 eius
2052 382 2393 450 lectionem
2514 448 2521 453 .

369 511 408 551 a
455 508 597 552 mea
644 487 1116 571 discrepantem
1162 488 1628 572 respiciendam
1677 491 2032 554 censebam.

504 593 752 658 Deinde
797 593 872 657 E.
913 591 1075 658 Gros
1121 594 1583 681 Francogallus
1629 595 1698 659 in
1743 595 1912 660 libro
1962 590 2399 682 ,,’Φιλοδήμου
2466 620 2479 624 “

365 698 516 784 περὶ
556 701 907 788 ῥητορικῆς
954 723 1033 764 ex
1069 700 1535 765 Herculanensi
1573 723 1825 786 papyro
1862 702 2124 788 lithogr.
2166 703 2397 769 Oxonii
2478 770 2489 776 -

369 828 639 871 excussa
685 806 991 892 restituit,
1036 806 1235 871 latine
1281 808 1478 872 vertit
1526 812 1642 872 etc.
1672 845 1761 854 —
1787 805 2043 873 Adiecti
2075 815 2237 874 -sunt
2275 810 2400 875 duo
2492 862 2509 870 .-

368 912 732 977 Philodemi
771 913 926 977 libri
956 912 1033 977 de
1063 914 1384 978 rhetorica
1411 912 1690 998 Neapoli
1726 914 1898 997 editi,
1934 914 2134 979 Paris
2168 916 2403 980 1840:“

374 1023 440 1082 et
489 1019 908 1105 Spengelium
957 1025 1021 1085 et
1066 1019 1265 1085 Italos
1313 1019 1670 1104 descripsit.

509 1125 814 1212 Singulos
879 1118 1151 1211 denique
1206 1126 1384 1191 locos
1437 1125 1765 1192 Usenerus
1820 1125 1887 1190 in
1941 1126 2282 1210 Epicureis
2339 1131 2402 1190 et

375 1231 796 1316 Gomperzius
843 1233 1087 1316 passim
1133 1237 1586 1298 tractaverunt.
1662 1231 1947 1310 Quorum
1983 1233 2089 1298 hic
2126 1233 2402 1317 plerum-

378 1360 502 1422 que
531 1339 600 1403 in
630 1339 922 1406 Zeitschr.
937 1341 1049 1422 fiir
1075 1342 1173 1406 die
1200 1344 1406 1406 'o'sterrz
1428 1339 1653 1426 Gymn.
1676 1339 1752 1403 de
1780 1340 2220 1405 voluminibus
2239 1339 2402 1405 Nea-

373 1445 682 1528 politanis
730 1443 1049 1510 disserens
1094 1468 1226 1510 non
1263 1466 1469 1530 pauca
1506 1446 1797 1529 protulit.
1861 1445 2149 1511 Usenero
2189 1449 2404 1509 autem

370 1573 504 1615 non
540 1574 741 1616 unum
776 1552 1009 1635 locum,
1045 1574 1177 1616 non
1213 1573 1413 1616 unum
1450 1551 1768 1636 volumen,
1807 1552 1919 1616 sed
1955 1573 2157 1635 paene
2191 1555 2403 1617 totum

372 1657 614 1721 librum
671 1659 901 1742 debeo,
957 1658 1201 1742 quippe
1257 1658 1369 1742 qui
1424 1680 1527 1722 me
1575 1659 1655 1721 ad
1700 1659 1858 1721 haec
1904 1658 2116 1722 studia
2163 1657 2405 1723 adules-
2504 1706 2514 1717 .

372 1769 624 1829 centem
653 1763 1008 1849 adduxerit,
1044 1764 1639 1850 relanguescentem
1668 1764 1960 1849 erexerit,
1999 1765 2405 1829 dubitantem

376 1870 869 1954 confirmaverit,
908 1871 1196 1935 docuerit
1223 1871 1618 1957 imperitum,
1655 1871 2049 1935 revocaverit
2087 1874 2405 1935 errantem

378 1982 443 2041 et
499 1976 939 2063 temerarium,
995 1978 1218 2043 multis
1275 1979 1550 2063 denique
1605 1978 1765 2043 locis
1812 1977 1958 2043 inde
2006 1999 2044 2042 a
2089 2001 2235 2065 pag.
2280 1982 2404 2044 129

374 2084 478 2148 vel
531 2107 756 2149 verum
810 2084 913 2148 vel
966 2085 1100 2149 veri
1158 2084 1366 2150 simile
1422 2085 1922 2172 investigaverit.
2024 2084 2201 2150 Idem
2255 2108 2406 2150 vero

375 2214 457 2255 ne
514 2192 721 2256 voluit
774 2191 1033 2276 quidem
1077 2213 1314 2257 nomen
1361 2215 1549 2259 suum
1598 2191 1872 2280 singulis
1918 2191 2196 2257 inventis
2243 2191 2407 2275 addi,

377 2297 551 2380 quod
587 2303 804 2362 tamen
840 2298 947 2362 hic
983 2298 1117 2363 illic
1154 2300 1517 2364 faciendum
1548 2299 1802 2364 credidi.
1865 2299 2004 2364 Nec
2029 2298 2409 2364 Buecheleri

378 2424 640 2487 operam
676 2402 836 2465 mihi
867 2403 1144 2468 defuisse
1174 2406 1539 2488 quicunque
1567 2404 1861 2467 Bonnam
1890 2404 2200 2488 attigerit,
2237 2404 2409 2468 ultro

380 2507 739 2573 coniecerit.
826 2505 1075 2584 Quibus
1121 2509 1280 2572 mihi
1327 2510 1450 2572 hoc
1496 2507 1638 2571 loco
1687 2507 2057 2591 duumviris,
2105 2508 2410 2591 quoniam

380 2615 619 2679 referre
656 2635 786 2678 non
826 2634 1110 2700 possum,
1149 2614 1391 2701 gratias
1421 2635 1610 2699 agere
1641 2634 1834 2697 quam
1862 2612 2173 2697 plurimas
2201 2614 2410 2679 liceat.

470 2892 570 2946 De
619 2889 1127 2958 exemplaribus
1172 2888 1637 2959 Neapolitanis
1686 2892 1753 2945 et
1800 2888 2320 2947 oxoniensibus

516 3039 841 3124 Exempla
907 3039 1292 3124 chalcotypa
1347 3039 1780 3123 Neapolitana
1835 3061 2225 3124 quamquam
2280 3063 2415 3104 non
2542 3039 2561 3058 ³

382 3147 688 3213 mediocri
737 3145 1073 3232 diligentia
1121 3147 1413 3211 confecta
1459 3151 1626 3229 sunt,
1677 3151 1894 3230 tamen
1940 3147 2079 3211 fieri
2123 3169 2257 3211 non
2302 3170 2416 3229 po-

382 3258 578 3339 terat,
644 3254 802 3337 quin
864 3253 933 3317 in
990 3257 1172 3317 tanta
1227 3252 1650 3318 frustulorum
1707 3253 2029 3338 farragine
2086 3252 2418 3318 erroribus

382 3361 707 3425 interdum
780 3360 1187 3447 gravioribus
1262 3359 1786 3424 deformarentur.
1886 3358 2081 3424 Mitto
2146 3359 2419 3443 minora,

383 3490 547 3552 quae
578 3467 851 3554 singulis
878 3467 1037 3533 locis
1067 3471 1328 3532 enotata
1358 3470 1525 3552 sunt,
1561 3466 1738 3531 velut
1776 3489 1838 3550 p.
1870 3468 1975 3551 99,
2003 3467 2086 3530 29
2117 3463 2416 3549 PIKHN,

383 3598 531 3641 cum
581 3574 633 3639 O
680 3579 851 3640 recte
901 3575 1205 3640 exhibeat
1256 3575 1862 3661 [πα]ρεθήκα[μεν],
1909 3572 2070 3636 illud
2106 3577 2421 3656 tanquam
