2650 3903
1030 239 1106 248 —-
1203 211 1511 264 XXI-—

258 366 320 426 et
376 383 610 448 genere
668 362 1033 444 praefatum
1088 382 1240 423 esse.
1331 358 1528 424 Artes
1583 363 1800 423 autem
1846 358 2016 422 inter
2062 380 2130 423 se
2178 358 2293 423 dif-

251 469 416 533 ferre
483 466 843 550 contendit,
908 465 1065 529 alias
1130 487 1247 548 per
1304 487 1372 529 se
1426 465 1605 549 ipsas
1662 469 1858 549 stare,
1921 487 2039 530 nec
2094 464 2291 530 ullius

254 574 518 639 omnino
578 571 1055 637 exercitationis
1099 570 1415 657 indigere,
1472 571 1630 638 alias
1676 594 1797 637 usu
1845 576 1910 636 et
1957 576 2291 636 consuetu-

256 680 404 743 dine
445 679 777 762 contineri,
814 677 971 744 alias
1009 677 1256 764 ingenii
1295 678 1570 762 quadam
1607 678 1917 744 felicitate
1954 676 2096 760 niti,
2134 676 2292 740 alias

258 784 532 869 denique
581 784 768 850 aliter
812 784 1084 869 misceri,
1130 785 1362 850 harum
1410 806 1606 868 opera
1652 784 1732 848 ad
1779 784 2058 849 artifices
2097 783 2292 866 perti-

253 913 404 955 nere
461 890 660 975 solos,
715 890 972 955 illarum
1028 890 1225 956 etiam
1282 891 1365 955 ab
1426 890 1506 955 iis
1562 889 1815 975 perfici,
1869 889 1980 973 qui
2028 888 2293 953 artificis

257 996 515 1060 nomine
565 1000 824 1059 careant
869 994 973 1083 (fr.
1012 994 1123 1079 IV,
1159 993 1268 1081 II).
1360 995 1873 1061 Recensentibus
1920 1000 2155 1078 autem,
2200 995 2292 1059 in-

256 1102 417 1185 quit,
465 1123 703 1184 eorum,
742 1102 852 1185 qui
891 1101 968 1165 de
1006 1101 1328 1167 rhetorica
1366 1102 1781 1187 scripserunt,
1818 1101 2076 1167 libellos
2114 1102 2291 1166 varia

256 1207 565 1272 vitiorum
612 1228 849 1291 genera
895 1212 1252 1272 occurrunt.
1327 1206 1528 1272 Velut
1576 1212 1808 1290 errant,
1856 1208 1966 1291 qui
2016 1231 2095 1272 ex
2144 1208 2291 1272 arti—

258 1313 380 1377 bus
436 1334 762 1377 removere
820 1311 1117 1396 cupiunt,
1172 1312 1225 1377 si
1284 1334 1411 1397 qua
1466 1313 1715 1398 proprii
1769 1313 2011 1398 aliquid
2068 1315 2294 1379 afferat

258 1423 322 1482 et
377 1419 499 1484 hoc
555 1419 635 1483 ad
681 1418 892 1504 ipsam
938 1422 1176 1503 putant
1223 1419 1547 1502 pertinere
1593 1420 1995 1486 rhetoricam.
2070 1420 2176 1507 (fr.
2214 1419 2293 1505 Ι).

256 1562 346 1573 --
383 1524 503 1602 Qui
550 1525 938 1591 rhetoricam
983 1526 1065 1590 ab
1115 1524 1259 1592 aliis
1306 1526 1615 1591 doctrinis
1661 1526 1763 1591 vel
1810 1526 2063 1591 artibus
2078 1524 2130 1612 ¹)
2178 1525 2294 1589 dif-

259 1633 422 1696 ferre
477 1633 729 1716 volunt,
792 1655 925 1698 non
980 1632 1159 1697 illam
1214 1637 1421 1699 artem
1477 1654 1614 1698 esse
1668 1638 1940 1719 negant,
1996 1632 2107 1697 sed
2160 1654 2294 1697 non

259 1739 459 1803 solam
522 1740 747 1825 utique
813 1739 892 1804 ad
946 1740 1143 1804 finem
1199 1760 1387 1804 51111111
1445 1739 1807 1823 pervenire,
1873 1739 2070 1802 immo
2127 1737 2291 1802 alius

259 1867 511 1929 quoque
549 1846 708 1910 artis
746 1845 986 1910 auxilio
1024 1846 1150 1910 niti
1180 1867 1372 1929 posse
1403 1846 1801 1910 contendunt
1838 1842 1931 1931 (p.
1951 1841 2081 1927 I,H
2104 1840 2301 1929 init.)-v

258 1949 334 2014 Id
378 1973 527 2014 vero
580 1953 649 2015 in
693 1951 880 2017 libris
926 1951 1436 2018 adversariorum
1482 1953 1913 2017 miserrimum
1959 1973 2164 2038 genus
2202 1973 2296 2016 ar-

268 2054 688 2141 gumentandi
738 2060 861 2141 est,
917 2058 970 2120 si
1019 2057 1164 2140 quis
1210 2057 1341 2121 illis
1387 2057 1577 2141 ipsis,
1622 2057 1789 2121 unde
1837 2079 1952 2121 sua
1997 2057 2095 2120 illi
2141 2057 2297 2120 vati-

262 2162 577 2244 cinantur,
624 2181 780 2224 usus
826 2160 927 2225 vel
975 2161 1369 2225 contrarium
1415 2161 1625 2243 possit
1662 2161 1967 2244 probare;
2013 2161 2298 2225 minime-

261 2291 384 2354 que
424 2269 505 2332 ab
547 2267 937 2332 illis'eorum
978 2264 1199 2351 opinio
1238 2265 1663 2352 redarguitur,
1701 2267 1811 2351 qui
1848 2272 2101 2352 partem
2138 2268 2297 2333 artis

261 2376 343 2439 ab
402 2375 782 2459 imperfecto
839 2373 1083 2439 artifice
1131 2372 1331 2457 recipi
1377 2395 1570 2458 posse
1617 2380 2000 2458 proponant.
2091 2375 2295 2441 Porro

261 2482 775 2566 vitiosissimum,
832 2482 885 2546 si
943 2481 1054 2566 qui
1111 2481 1192 2545 ab
1241 2480 1372 2564 his,
1430 2481 1539 2565 qui
1587 2486 1840 2565 partem
1887 2483 2044 2546 artis
2092 2481 2296 2567 possi·

263 2589 432 2674 dent,
479 2589 691 2654 exorsi
739 2593 910 2654 totas
959 2588 1260 2654 scientias
1306 2588 1696 2672 vituperant.
1769 2589 2086 2673 Prompta
2124 2588 2296 2652 enim

263 2695 546 2760 defensio
594 2700 709 2760 est.
782 2694 952 2762 Nam
1000 2695 1484 2779 persuadebunt
1521 2696 1812 2781 fortasse,
1859 2695 1969 2778 qui
2011 2698 2297 2758 oratores

265 2823 397 2865 non
443 2805 611 2885 sunt,
659 2806 726 2866 at
772 2802 918 2886 ipsa
964 2801 1252 2866 oratione
1301 2800 1815 2884 persuadendum
1863 2804 1986 2864 est:
2033 2799 2089 2863 is
2126 2799 2299 2863 enim

262 2905 410 2969 finis
485 2911 583 2970 est
641 2906 1015 2972 rhetoricae.
1116 2905 1193 2972 In
1247 2929 1375 2990 quo
1434 2905 1818 2990 perridicule
1874 2905 2298 2986 formositate,

262 3032 420 3075 auro
469 3015 584 3076 etc.
633 3013 901 3078 cuilibet
947 3014 1318 3098 persuaderi
1358 3035 1548 3097 posse
1588 3013 1915 3096 profertur
1951 3018 2129 3098 (pag.
2157 3007 2298 3094 111).

265 3116 553 3202 Cumque
609 3119 935 3202 privatum
991 3119 1279 3186 oratione
1337 3119 1661 3184 interdum
1716 3118 2097 3202 persuadere
2155 3135 2298 3177 con-

409 3472 462 3540 1)
511 3471 679 3540 Apud
715 3470 934 3526 Philod.
977 3470 1267 3526 doctrinae
1311 3473 1370 3526 et
1407 3467 1545 3523 artis
1582 3463 1873 3520 notionem
1910 3479 2024 3518 non
2058 3462 2299 3516 multum

266 3555 513 3628 differre,
552 3558 872 3616 illustratur
907 3577 962 3629 p.
996 3564 1089 3630 75,
1131 3566 1196 3614 13
1215 3576 1336 3627 sqq.
