2650 3903
1111 206 1573 259 ——XII—

324 357 588 423 discissa
653 360 766 421 est.
866 353 1038 421 Nam
1094 377 1242 419 cum
1297 354 1385 420 24
1441 353 1718 440 paginae
1776 353 2069 418 evolutae
2127 359 2359 440 essent,

323 463 496 528 bello
572 462 1008 527 intercedente
1084 483 1248 545 opus
1323 460 1633 526 omissum
1709 465 1806 527 est
1872 459 2068 549 (anno
2140 463 2216 525 17
2225 458 2357 546 99).

325 570 611 654 Cumque
666 569 788 633 hae
845 571 932 634 24
979 568 1255 654 paginae
1306 567 1500 632 nimis
1550 566 1928 633 dilaceratae
1977 567 2135 652 sint,
2192 589 2357 651 quae

321 676 541 761 paullo
599 680 751 760 post
807 675 1099 740 evolutae
1156 679 1307 739 sunt
1363 673 1639 759 paginae
1685 676 1775 738 44
1832 675 2165 760 egregium
2221 680 2356 740 tex·

322 787 463 848 tum
529 781 858 847 exhibent.
967 779 1044 846 In
1109 803 1236 865 quo
1302 783 1793 865 peropportune
1859 780 2117 865 accidit,
2186 782 2359 866 quod

321 888 522 976 Angli
586 889 753 954 hanc
818 892 1072 972 partem
1136 886 1615 971 descripserunt
1680 885 1795 973 (=
1838 885 2025 950 Herc.
2063 885 2231 950 Voll.
2279 887 2358 971 Π,

323 1019 384 1079 p.
432 993 696 1082 1—45).
790 993 1191 1079 Quamquam
1247 994 1419 1058 enim
1475 1014 1706 1076 parum
1753 992 2099 1078 diligenter
2142 992 2211 1056 in
2257 992 2358 1056 de-

324 1101 662 1166 scribendo
691 1101 928 1166 versati
968 1107 1138 1186 sunt,
1173 1105 1394 1165 tamen
1428 1100 1669 1165 multas
1707 1099 2042 1165 schedulas
2081 1097 2358 1186 margini

323 1208 717 1294 adiecerunt,
766 1230 929 1293 quae
977 1209 1045 1273 in
1089 1207 1156 1274 N
1202 1208 1451 1273 desunt.

454 1315 752 1399 Papyrus
803 1317 973 1381 1669
1024 1315 1352 1399 quintum,
1410 1336 1602 1398 quem
1649 1314 1866 1398 posui,
1922 1314 2166 1377 librum
2213 1334 2355 1376 con·

325 1421 491 1486 tinet
522 1452 606 1474 =
635 1419 724 1486 V1
760 1422 802 1485 f.
837 1424 1069 1487 1—67.
1125 1422 1355 1485 Partes
1394 1421 1678 1485 eiusdem
1716 1419 1954 1504 papyri
1994 1441 2131 1483 esse
2170 1418 2356 1483 credo

322 1549 471 1611 pap.
502 1529 634 1593 220
664 1559 748 1581 =
777 1525 897 1592 V1²
934 1528 1044 1592 fol.
1078 1528 1426 1593 188—199
1468 1532 1534 1590 et
1571 1550 1633 1610 p.
1667 1528 1859 1609 1078,
1901 1527 2073 1590 1080
2104 1522 2360 1590 =V112

323 1633 431 1697 fol.
467 1635 832 1700 161—185.
887 1633 1130 1718 Papyri
1165 1634 1334 1698 1078
1367 1637 1432 1697 et
1465 1634 1637 1698 1080
1666 1633 2029 1717 fragmenta
2055 1630 2357 1714 Neapoli-

323 1738 460 1803 tani
487 1740 773 1805 numeris
798 1743 1013 1807 1-32
1037 1739 1505 1823 inscripserunt
1533 1744 1843 1822 tanquam
1871 1738 2061 1803 unius
2081 1738 2360 1820 chartae,

322 1849 493 1910 recte
551 1847 688 1910 sine
747 1847 961 1912 dubio.
1054 1845 1280 1929 Itaque
1336 1846 1441 1910 his
1488 1844 1845 1910 coniunctis
1892 1849 2024 1909 tres
2072 1865 2358 1929 papyros

321 1951 655 2039 habemus,
701 1951 803 2018 vel
850 1953 1070 2037 potius
1116 1958 1250 2018 tres
1295 1953 1486 2019 unius
1534 1951 1769 2037 papyri
1808 1956 2043 2037 partes.
2124 1949 2359 2016 Forma

321 2057 685 2124 litterarum
731 2060 923 2144 plane
972 2060 1194 2125 eadem
1241 2066 1366 2146 est,
1414 2063 1667 2125 constat
1712 2060 1909 2143 rati0‚
1956 2058 2012 2124 si
2058 2079 2358 2123 versuum

322 2188 679 2252 numerum,
719 2167 828 2251 qui
859 2171 955 2232 est
985 2167 1431 2253 quadraginta,
1469 2170 1825 2250 computaS,
1864 2169 2135 2249 constat,
2173 2165 2228 2229 si
2254 2164 2358 2229 lit-

323 2276 606 2335 terarum
652 2273 717 2337 in
758 2274 1032 2358 singulis
1067 2274 1363 2338 versibus
1400 2296 1740 2339 numerum
1777 2272 2063 2356 respiciS,
2111 2270 2221 2355 qui
2261 2275 2358 2335 est

325 2376 784 2461 duodeviginti.
860 2377 1020 2440 Erat
1064 2379 1224 2440 haec
1270 2379 1480 2441 omnis
1527 2398 1834 2461 papyruS‚
1880 2378 2053 2458 quod
2099 2378 2358 2458 quidem

325 2506 403 2546 ex
462 2481 776 2565 exemplis
820 2480 1273 2565 Neapolitanis
1321 2482 1624 2566 coniciaS‚
1673 2502 1806 2545 non
1852 2481 1989 2544 sine
2038 2480 2359 2565 elegantia

325 2588 601 2672 quadam
648 2592 714 2652 et
760 2587 1105 2674 diligenter
1152 2587 1533 2671 conscripta.
1624 2584 1701 2651 In
1747 2588 1833 2652 32
1881 2585 2204 2649 continuis
2252 2609 2358 2669 pa·

325 2694 497 2780 ginis
544 2716 799 2778 semper
844 2693 1102 2758 initium
1149 2698 1216 2757 et
1260 2694 1411 2757 finis
1458 2693 1706 2777 desunt,
1752 2691 1963 2756 media
2008 2692 2164 2755 folia
2201 2692 2359 2757 satis

324 2801 525 2864 vastis
570 2800 817 2864 lacunis
863 2800 1071 2864 lacera
1117 2804 1284 2864 sunt.
1359 2799 1560 2885 Angli
1606 2800 1772 2863 hanc
1808 2819 2065 2881 quoque
2105 2802 2358 2881 partem

326 2906 832 2991 descripserunt,
886 2907 1055 2971 unde
1099 2906 1166 2973 N
1210 2929 1344 2971 non
1390 2906 1614 2991 paucis
1660 2905 1819 2970 locis
1864 2904 1967 2970 vel
2013 2904 2360 2990 corrigitur

324 3013 427 3077 vel
475 3014 855 3097 completur.

456 3120 715 3206 Papyro
760 3121 931 3185 1015
978 3151 1061 3173 =
1101 3118 1189 3184 V2
1227 3121 1269 3184 f.
1301 3120 1609 3185 77—152
1658 3119 1713 3183 is
1758 3118 1926 3182 liber
1972 3117 2357 3199 continetur,

325 3249 517 3311 quem
555 3232 739 3293 sexto
768 3227 909 3292 loco
940 3226 1145 3311 posui.
1192 3225 1470 3291 Videtur
1496 3224 1948 3312 neglegentius
1976 3221 2359 3305 conscripta,

327 3334 380 3397 si
436 3333 800 3398 litterarum
865 3335 1137 3398 formam
1198 3333 1483 3417 respicis.
1584 3331 1925 3398 Praeterea
1987 3328 2360 3412 exemplum

323 3436 830 3523 Neapolitanum
869 3440 1025 3505 satis
1053 3440 1434 3504 mendosum
1462 3443 1577 3524 est,
1615 3442 1903 3523 praestat
1931 3434 2358 3521 apographon

324 3545 716 3630 oxoniense,
762 3547 935 3630 quod
981 3550 1045 3611 et
1092 3546 1451 3612 accuratius
1499 3550 1563 3610 et
1610 3544 1874 3610 uberius
1922 3548 2034 3609 est.
