2650 3903
1083 170 1583 222 —XLH-

443 321 612 387 Nam
667 319 1044 405 philosophi
1099 319 1201 383 vel
1247 319 1525 384 maxime
1573 319 1805 384 remoti
1852 342 1888 383 a
1934 320 2170 384 forensi
2220 320 2340 385 sol-

308 425 642 491 licitudine
700 426 888 489 beate
943 425 1155 489 vivere
1211 430 1513 511 possunt,
1578 427 1729 511 quia
1784 449 1929 492 cum
1982 426 2115 491 otio
2126 477 2143 509 ,
2196 426 2340 510 fide,

313 533 563 598 iustitia
609 533 862 617 vivunt,
911 553 983 596 ac
1030 531 1084 596 si
1134 554 1294 616 quos
1340 533 1586 597 habent
1632 533 1951 617 inimicos,
1999 556 2107 598 eos
2153 534 2344 596 bene-

308 641 474 706 ficiis
540 646 604 705 et
670 639 973 703 comitate
1031 638 1269 704 amicos
1327 639 1572 703 faciunt
1628 639 1739 726 (B,
1786 642 1890 723 27,
1928 642 2039 724 28;
2105 639 2190 724 A,
2233 626 2377 722 12;Ἃ

308 747 382 831 Β,
411 744 543 832 20).
611 745 776 811 Sunt
814 745 985 809 enim
1021 745 1351 810 utilissimi
1390 746 1684 811 societati
1722 747 2057 830 humanae,
2096 745 2340 829 quippe

312 853 422 936 qui
496 851 717 937 legum
782 851 1234 916 auctoritatem
1299 853 1680 916 confirment
1746 857 1811 916 et
1876 851 2341 932 commendent,

309 958 533 1023 multis
580 958 886 1042 privatim
934 980 1198 1042 operam
1242 961 1480 1022 navent
1528 956 1644 1044 (A,
1686 955 1785 1043 4),
1842 957 2027 1021 utilia
2075 978 2147 1020 ac
2194 956 2339 1021 sim-

309 1064 506 1149 plicia
560 1064 963 1148 praecipiant
1020 1069 1084 1128 et
1142 1064 1411 1128 doceant
1467 1063 1569 1150 (B,
1610 1068 1675 1130 7:
1741 1065 1817 1128 cf.
1857 1065 1932 1128 fr.
1973 1065 2014 1128 2
2061 1086 2122 1146 p.
2162 1060 2340 1148 226).

308 1171 479 1248 Quin
517 1171 712 1235 etiam
747 1171 969 1257 legum
1003 1170 1242 1235 latores
1280 1171 1542 1236 fuerunt
1579 1171 1916 1257 Lycurgus
1955 1175 2020 1234 et
2048 1169 2341 1234 Pittacus

308 1277 728 1342 Demostheni
781 1277 974 1363 longe
1021 1278 1423 1361 praeferendi
1469 1277 1572 1364 (B,
1622 1277 1751 1366 14).
1834 1277 2073 1341 Mirum
2119 1276 2340 1361 igitur,

308 1385 363 1448 si
412 1382 731 1448 Critolaus
777 1384 1204 1468 philosophos
1252 1407 1288 1447 a
1336 1385 1662 1449 condenda
1707 1407 1776 1449 re
1823 1383 2087 1467 publica
2133 1404 2340 1467 segre·

307 1491 554 1576 gandos
602 1493 817 1554 censet
864 1488 965 1577 (B,
1008 1487 1137 1575 13).

444 1597 610 1672 Quid
656 1597 829 1661 enim
874 1595 1126 1660 felicius
1173 1595 1447 1682 cogitari
1484 1599 1704 1679 potest
1743 1595 1858 1659 tali
1898 1594 2178 1677 civitate,
2224 1595 2339 1658 ubi

309 1701 849 1788 philosophorum
895 1706 1242 1786 praecepta
1287 1702 1562 1786 valeant,
1608 1701 1724 1765 ubi
1768 1723 1850 1765 ne
1886 1701 2041 1765 victi
2083 1700 2340 1786 quidem

307 1809 757 1873 communibus
777 1808 1132 1874 communis
1156 1808 1249 1872 rei
1271 1807 1572 1892 publicae
1602 1807 1953 1872 commodis
1973 1807 2333 1891 priventur!

313 1915 495 2002 (pap.
522 1916 711 1999 1669,
736 1914 851 1980 col.
873 1912 1010 2002 IV).
1056 1913 1295 1979 Contra
1323 1936 1518 2000 quam
1544 1913 1776 1980 misera
1804 1936 2025 1979 eorum
2053 1914 2341 1981 condicio

307 2045 444 2087 esse
501 2021 690 2107 solet,
749 2022 858 2107 qui
915 2022 994 2085 ad
1050 2044 1185 2086 rem
1241 2022 1573 2105 publicam
1629 2022 2001 2086 accedentes
2052 2022 2134 2085 ab
2183 2021 2342 2106 ipsis

308 2130 583 2215 civibUS,
651 2129 887 2214 quibus
950 2128 1079 2192 cari
1137 2150 1271 2192 esse
1329 2128 1681 2212 debebant,
1744 2127 1973 2192 misere
2030 2149 2339 2212 persaepe

307 2241 670 2301 mactentur
724 2233 1104 2324 (IV-VII).
1197 2236 1450 2312 Quanto
1499 2234 1772 2319 denique
1819 2233 2070 2298 felicius
2115 2233 2339 2298 vivunt

308 2342 682 2426 philosophi
757 2341 820 2405 in
898 2341 1189 2426 qualibet
1264 2341 1550 2423 civitate,
1624 2341 1735 2425 qui
1809 2363 1946 2405 rem
2009 2340 2339 2423 publicam

310 2449 569 2513 omnino
615 2471 745 2513 non
794 2446 1247 2531 capessendam
1292 2447 1577 2511 iudicent
1623 2445 1853 2533 (VHI).

441 2555 603 2620 Mire
633 2555 760 2620 sibi
788 2556 1080 2619 rhetores
1107 2553 1436 2618 vindicant
1465 2557 1538 2619 τὸ
1566 2557 1960 2636 πελαγίζειν,
1997 2553 2036 2616 i.
2060 2575 2109 2616 e.
2140 2553 2338 2616 abun-

309 2661 527 2726 dantia
602 2661 877 2746 quadam
945 2660 1256 2725 sermonis
1318 2665 1651 2744 tamquam
1715 2660 1784 2724 in
1849 2659 1980 2723 alto
2047 2658 2200 2724 ferri
2266 2682 2338 2722 ac

307 2769 646 2852 fluctuare,
702 2768 884 2853 quasi
941 2768 1155 2832 brevis
1202 2772 1266 2832 et
1313 2768 1620 2832 adstricta
1666 2766 1871 2832 oratio
1920 2766 2179 2830 omnino
2228 2766 2340 2829 im-

309 2874 643 2958 probanda
688 2874 791 2938 vel
836 2874 1274 2961 interrogandi
1321 2874 1876 2959 respondendique
1923 2873 2090 2937 ratio
2131 2912 2204 2919 —
2249 2872 2341 2936 in-

306 2985 574 3045 ventum
638 2980 1179 3065 philosophorum
1244 2981 1451 3067 magis
1517 3004 1709 3065 quam
1773 2981 2106 3045 rhetorum
2169 3018 2243 3026 ——
2305 3001 2341 3041 a

306 3087 627 3153 rhetorica
675 3086 935 3152 omnino
983 3088 1376 3173 seiungenda
1423 3088 1508 3152 sit
1555 3084 1935 3175 (IX—XII).

445 3194 606 3259 Cum
671 3193 1067 3258 adversarius
1130 3194 1582 3278 philosophiae
1648 3192 1934 3258 studium
1994 3215 2140 3257 cum
2193 3213 2339 3277 geo-

308 3302 539 3365 metria
613 3322 1015 3386 comparasse
1090 3299 1412 3384 videatur,
1496 3322 1689 3384 quam
1761 3305 1949 3364 vocat
2023 3297 2338 3381 inutilem,

308 3406 724 3473 Philodemus
778 3407 1136 3473 rhetoricae
1192 3406 1413 3489 potius
1459 3428 1606 3470 cum
1651 3407 1763 3470 illa
1809 3406 2202 3470 intercedere
2251 3404 2338 3467 af-

305 3512 626 3576 finitatem
701 3519 764 3578 et
840 3512 1328 3578 similitudinem
1393 3512 1629 3577 evincit
1694 3509 2184 3599 (XIII-XIV).
2256 3548 2337 3556 --
