<?xml version="1.0" encoding="UTF-8"?>
<!DOCTYPE html PUBLIC "-//W3C//DTD XHTML 1.0 Transitional//EN"
    "http://www.w3.org/TR/xhtml1/DTD/xhtml1-transitional.dtd">
<html xmlns="http://www.w3.org/1999/xhtml" xml:lang="en" lang="en">
 <head>
  <title>
</title>
<meta http-equiv="Content-Type" content="text/html;charset=utf-8" />
  <meta name='ocr-system' content='tesseract 3.04.00' />
  <meta name='ocr-capabilities' content='ocr_page ocr_carea ocr_par ocr_line ocrx_word'/>
</head>
<body>
  <div class='ocr_page' id='page_1' title='image "./philodemivolumi00schugoog_0019.png"; bbox 0 0 2650 3903; ppageno 0'>
   <div class='ocr_carea' id='block_1_1' title="bbox 51 6 1508 56">
    <p class='ocr_par' dir='ltr' id='par_1_1' title="bbox 51 6 1508 56">
     <span class='ocr_line' id='line_1_1' title="bbox 51 6 1508 56; baseline 0 3847"><span class='ocrx_word' id='word_1_1' title='bbox 51 6 1508 56; x_wconf 95' lang='lat' dir='ltr'> </span> 
     </span>
    </p>
   </div>
   <div class='ocr_carea' id='block_1_2' title="bbox 924 258 1391 310">
    <p class='ocr_par' dir='ltr' id='par_1_2' title="bbox 924 258 1391 310">
     <span class='ocr_line' id='line_1_2' title="bbox 924 258 1391 310; baseline -0.004 1"><span class='ocrx_word' id='word_1_2' title='bbox 924 258 1205 310; x_wconf 73' lang='lat' dir='ltr'>—vn</span> <span class='ocrx_word' id='word_1_3' title='bbox 1305 285 1391 293; x_wconf 93' lang='lat'>—</span> 
     </span>
    </p>
   </div>
   <div class='ocr_carea' id='block_1_3' title="bbox 56 405 2178 3130">
    <p class='ocr_par' dir='ltr' id='par_1_3' title="bbox 134 405 2176 601">
     <span class='ocr_line' id='line_1_3' title="bbox 135 405 2176 493; baseline -0.002 -20"><span class='ocrx_word' id='word_1_4' title='bbox 135 408 337 493; x_wconf 88' lang='lat' dir='ltr'>primi</span> <span class='ocrx_word' id='word_1_5' title='bbox 383 408 511 473; x_wconf 92' lang='lat' dir='ltr'>iam</span> <span class='ocrx_word' id='word_1_6' title='bbox 549 408 619 472; x_wconf 90' lang='lat' dir='ltr'>in</span> <span class='ocrx_word' id='word_1_7' title='bbox 657 406 980 470; x_wconf 87' lang='lat' dir='ltr'>officinam</span> <span class='ocrx_word' id='word_1_8' title='bbox 1017 407 1213 472; x_wconf 90' lang='lat' dir='ltr'>missa</span> <span class='ocrx_word' id='word_1_9' title='bbox 1250 411 1402 471; x_wconf 89' lang='lat' dir='ltr'>erat.</span> <span class='ocrx_word' id='word_1_10' title='bbox 1471 405 1644 484; x_wconf 86' lang='lat' dir='ltr'>Quae</span> <span class='ocrx_word' id='word_1_11' title='bbox 1683 410 1915 490; x_wconf 85' lang='lat' dir='ltr'>tamen,</span> <span class='ocrx_word' id='word_1_12' title='bbox 1963 405 2176 489; x_wconf 85' lang='lat' dir='ltr'>quoad</span> 
     </span>
     <span class='ocr_line' id='line_1_4' title="bbox 134 507 2174 601; baseline -0.002 -21"><span class='ocrx_word' id='word_1_13' title='bbox 134 516 355 601; x_wconf 88' lang='lat' dir='ltr'>potui,</span> <span class='ocrx_word' id='word_1_14' title='bbox 412 507 659 579; x_wconf 89' lang='lat' dir='ltr'>contuli</span> <span class='ocrx_word' id='word_1_15' title='bbox 713 517 1019 578; x_wconf 89' lang='lat' dir='ltr'>accurate.</span> <span class='ocrx_word' id='word_1_16' title='bbox 1111 513 1218 578; x_wconf 90' lang='lat' dir='ltr'>Fit</span> <span class='ocrx_word' id='word_1_17' title='bbox 1276 514 1472 597; x_wconf 90' lang='lat' dir='ltr'>enim,</span> <span class='ocrx_word' id='word_1_18' title='bbox 1528 518 1602 578; x_wconf 92' lang='lat' dir='ltr'>ut</span> <span class='ocrx_word' id='word_1_19' title='bbox 1651 513 1754 577; x_wconf 83' lang='lat' dir='ltr'>vel</span> <span class='ocrx_word' id='word_1_20' title='bbox 1800 512 2174 577; x_wconf 88' lang='lat' dir='ltr'>acutissimo</span> 
     </span>
    </p>

    <p class='ocr_par' dir='ltr' id='par_1_4' title="bbox 56 619 2177 1765">
     <span class='ocr_line' id='line_1_5' title="bbox 56 619 2175 705; baseline -0.001 -20"><span class='ocrx_word' id='word_1_21' title='bbox 56 649 62 664; x_wconf 60' lang='lat'>›-</span> <span class='ocrx_word' id='word_1_22' title='bbox 136 621 329 686; x_wconf 85' lang='lat' dir='ltr'>oculo</span> <span class='ocrx_word' id='word_1_23' title='bbox 379 624 445 684; x_wconf 92' lang='lat' dir='ltr'>et</span> <span class='ocrx_word' id='word_1_24' title='bbox 491 619 737 704; x_wconf 91' lang='lat' dir='ltr'>optima</span> <span class='ocrx_word' id='word_1_25' title='bbox 783 619 923 683; x_wconf 91' lang='lat' dir='ltr'>luce</span> <span class='ocrx_word' id='word_1_26' title='bbox 971 620 1227 705; x_wconf 91' lang='lat' dir='ltr'>singula</span> <span class='ocrx_word' id='word_1_27' title='bbox 1267 620 1400 705; x_wconf 91' lang='lat' dir='ltr'>legi</span> <span class='ocrx_word' id='word_1_28' title='bbox 1437 641 1568 683; x_wconf 94' lang='lat' dir='ltr'>non</span> <span class='ocrx_word' id='word_1_29' title='bbox 1604 619 1877 703; x_wconf 80' lang='lat' dir='ltr'><strong>possint,</strong></span> <span class='ocrx_word' id='word_1_30' title='bbox 1925 640 2072 683; x_wconf 91' lang='lat' dir='ltr'>cum</span> <span class='ocrx_word' id='word_1_31' title='bbox 2109 624 2175 683; x_wconf 90' lang='lat' dir='ltr'>et</span> 
     </span>
     <span class='ocr_line' id='line_1_6' title="bbox 136 725 2177 810; baseline 0 -21"><span class='ocrx_word' id='word_1_32' title='bbox 136 726 513 791; x_wconf 88' lang='lat' dir='ltr'>tabularum</span> <span class='ocrx_word' id='word_1_33' title='bbox 560 725 986 809; x_wconf 76' lang='lat' dir='ltr'>perspicuitas</span> <span class='ocrx_word' id='word_1_34' title='bbox 1036 726 1193 790; x_wconf 89' lang='lat' dir='ltr'>satis</span> <span class='ocrx_word' id='word_1_35' title='bbox 1240 726 1324 791; x_wconf 92' lang='lat' dir='ltr'>sit</span> <span class='ocrx_word' id='word_1_36' title='bbox 1373 725 1639 809; x_wconf 87' lang='lat' dir='ltr'>diversa,</span> <span class='ocrx_word' id='word_1_37' title='bbox 1692 731 1756 790; x_wconf 95' lang='lat' dir='ltr'>et</span> <span class='ocrx_word' id='word_1_38' title='bbox 1805 747 1966 810; x_wconf 85' lang='lat' dir='ltr'>quae</span> <span class='ocrx_word' id='word_1_39' title='bbox 2014 747 2177 790; x_wconf 91' lang='lat' dir='ltr'>mar-</span> 
     </span>
     <span class='ocr_line' id='line_1_7' title="bbox 139 831 2176 918; baseline 0 -23"><span class='ocrx_word' id='word_1_40' title='bbox 139 831 282 916; x_wconf 89' lang='lat' dir='ltr'>gini</span> <span class='ocrx_word' id='word_1_41' title='bbox 347 832 635 897; x_wconf 88' lang='lat' dir='ltr'>subiecta</span> <span class='ocrx_word' id='word_1_42' title='bbox 700 855 891 917; x_wconf 93' lang='lat' dir='ltr'>saepe</span> <span class='ocrx_word' id='word_1_43' title='bbox 956 838 1299 918; x_wconf 80' lang='lat' dir='ltr'>apparent,</span> <span class='ocrx_word' id='word_1_44' title='bbox 1362 833 1505 897; x_wconf 93' lang='lat' dir='ltr'>luce</span> <span class='ocrx_word' id='word_1_45' title='bbox 1573 832 1904 897; x_wconf 91' lang='lat' dir='ltr'>deficiente</span> <span class='ocrx_word' id='word_1_46' title='bbox 1969 854 2176 916; x_wconf 87' lang='lat' dir='ltr'>paene</span> 
     </span>
     <span class='ocr_line' id='line_1_8' title="bbox 137 937 2176 1024; baseline -0 -22"><span class='ocrx_word' id='word_1_47' title='bbox 137 938 584 1005; x_wconf 67' lang='lat' dir='ltr'>obliterantur.</span> <span class='ocrx_word' id='word_1_48' title='bbox 684 938 1078 1023; x_wconf 79' lang='lat' dir='ltr'>Accedebat,</span> <span class='ocrx_word' id='word_1_49' title='bbox 1145 939 1318 1023; x_wconf 90' lang='lat' dir='ltr'>quod</span> <span class='ocrx_word' id='word_1_50' title='bbox 1375 937 1741 1022; x_wconf 83' lang='lat' dir='ltr'>Gomperzii</span> <span class='ocrx_word' id='word_1_51' title='bbox 1796 939 2176 1024; x_wconf 86' lang='lat' dir='ltr'>apographa</span> 
     </span>
     <span class='ocr_line' id='line_1_9' title="bbox 137 1043 2176 1131; baseline 0 -23"><span class='ocrx_word' id='word_1_52' title='bbox 137 1044 298 1110; x_wconf 92' lang='lat' dir='ltr'>satis</span> <span class='ocrx_word' id='word_1_53' title='bbox 346 1050 638 1110; x_wconf 90' lang='lat' dir='ltr'>accurate</span> <span class='ocrx_word' id='word_1_54' title='bbox 686 1044 985 1111; x_wconf 89' lang='lat' dir='ltr'>instituta</span> <span class='ocrx_word' id='word_1_55' title='bbox 1031 1043 1209 1110; x_wconf 84' lang='lat' dir='ltr'>illinc</span> <span class='ocrx_word' id='word_1_56' title='bbox 1246 1067 1378 1110; x_wconf 93' lang='lat' dir='ltr'>non</span> <span class='ocrx_word' id='word_1_57' title='bbox 1415 1067 1808 1131; x_wconf 83' lang='lat' dir='ltr'>magnopere</span> <span class='ocrx_word' id='word_1_58' title='bbox 1849 1045 2176 1109; x_wconf 90' lang='lat' dir='ltr'>emendari</span> 
     </span>
     <span class='ocr_line' id='line_1_10' title="bbox 133 1151 2177 1236; baseline 0.001 -23"><span class='ocrx_word' id='word_1_59' title='bbox 133 1151 455 1235; x_wconf 81' lang='lat' dir='ltr'>videbam,</span> <span class='ocrx_word' id='word_1_60' title='bbox 500 1153 749 1217; x_wconf 84' lang='lat' dir='ltr'>minora</span> <span class='ocrx_word' id='word_1_61' title='bbox 795 1157 1011 1217; x_wconf 87' lang='lat' dir='ltr'>autem</span> <span class='ocrx_word' id='word_1_62' title='bbox 1055 1152 1233 1217; x_wconf 83' lang='lat' dir='ltr'>velut</span> <span class='ocrx_word' id='word_1_63' title='bbox 1270 1158 1336 1215; x_wconf 90' lang='lat' dir='ltr'><em>A</em></span> <span class='ocrx_word' id='word_1_64' title='bbox 1373 1156 1440 1216; x_wconf 89' lang='lat' dir='ltr'>et</span> <span class='ocrx_word' id='word_1_65' title='bbox 1477 1156 1539 1216; x_wconf 89' lang='lat' dir='ltr'><em>A</em></span> <span class='ocrx_word' id='word_1_66' title='bbox 1587 1151 1720 1236; x_wconf 84' lang='lat' dir='ltr'>sive</span> <span class='ocrx_word' id='word_1_67' title='bbox 1759 1155 1824 1216; x_wconf 92' lang='grc' dir='ltr'>Γ</span> <span class='ocrx_word' id='word_1_68' title='bbox 1853 1155 1916 1215; x_wconf 93' lang='lat' dir='ltr'>et</span> <span class='ocrx_word' id='word_1_69' title='bbox 1963 1156 2024 1215; x_wconf 95' lang='lat' dir='ltr'><strong><em>T</em></strong></span> <span class='ocrx_word' id='word_1_70' title='bbox 2061 1151 2177 1216; x_wconf 88' lang='lat' dir='ltr'>im-</span> 
     </span>
     <span class='ocr_line' id='line_1_11' title="bbox 138 1257 2176 1342; baseline 0.001 -23"><span class='ocrx_word' id='word_1_71' title='bbox 138 1261 427 1321; x_wconf 87' lang='lat' dir='ltr'>mutatae</span> <span class='ocrx_word' id='word_1_72' title='bbox 483 1258 863 1342; x_wconf 89' lang='lat' dir='ltr'>plerumque</span> <span class='ocrx_word' id='word_1_73' title='bbox 919 1258 1124 1322; x_wconf 92' lang='lat' dir='ltr'>multo</span> <span class='ocrx_word' id='word_1_74' title='bbox 1172 1262 1319 1321; x_wconf 91' lang='lat' dir='ltr'>ante</span> <span class='ocrx_word' id='word_1_75' title='bbox 1369 1257 1896 1341; x_wconf 84' lang='lat' dir='ltr'>expediebantur.</span> <span class='ocrx_word' id='word_1_76' title='bbox 1993 1257 2176 1322; x_wconf 86' lang='lat' dir='ltr'>Com-</span> 
     </span>
     <span class='ocr_line' id='line_1_12' title="bbox 139 1363 2176 1448; baseline 0.001 -23"><span class='ocrx_word' id='word_1_77' title='bbox 139 1364 627 1428; x_wconf 90' lang='lat' dir='ltr'>memorandum</span> <span class='ocrx_word' id='word_1_78' title='bbox 684 1364 956 1447; x_wconf 89' lang='lat' dir='ltr'>denique</span> <span class='ocrx_word' id='word_1_79' title='bbox 1014 1364 1170 1428; x_wconf 89' lang='lat' dir='ltr'>duas</span> <span class='ocrx_word' id='word_1_80' title='bbox 1227 1385 1513 1446; x_wconf 83' lang='lat' dir='ltr'>papyros</span> <span class='ocrx_word' id='word_1_81' title='bbox 1568 1367 1821 1448; x_wconf 89' lang='lat' dir='ltr'>partem</span> <span class='ocrx_word' id='word_1_82' title='bbox 1874 1363 2029 1428; x_wconf 92' lang='lat' dir='ltr'>libri</span> <span class='ocrx_word' id='word_1_83' title='bbox 2082 1386 2176 1428; x_wconf 92' lang='lat' dir='ltr'>se-</span> 
     </span>
     <span class='ocr_line' id='line_1_13' title="bbox 141 1468 2173 1555; baseline 0.001 -25"><span class='ocrx_word' id='word_1_84' title='bbox 141 1469 329 1533; x_wconf 86' lang='lat' dir='ltr'>cundi</span> <span class='ocrx_word' id='word_1_85' title='bbox 387 1476 452 1535; x_wconf 94' lang='lat' dir='ltr'>et</span> <span class='ocrx_word' id='word_1_86' title='bbox 505 1474 758 1555; x_wconf 89' lang='lat' dir='ltr'>partem</span> <span class='ocrx_word' id='word_1_87' title='bbox 815 1469 1029 1554; x_wconf 89' lang='lat' dir='ltr'>quarti</span> <span class='ocrx_word' id='word_1_88' title='bbox 1086 1468 1489 1533; x_wconf 90' lang='lat' dir='ltr'>continentes</span> <span class='ocrx_word' id='word_1_89' title='bbox 1536 1468 1665 1534; x_wconf 90' lang='lat' dir='ltr'>iam</span> <span class='ocrx_word' id='word_1_90' title='bbox 1717 1471 1889 1536; x_wconf 80' lang='lat'>1825</span> <span class='ocrx_word' id='word_1_91' title='bbox 1938 1468 2173 1534; x_wconf 86' lang='lat' dir='ltr'>Oxonii</span> 
     </span>
     <span class='ocr_line' id='line_1_14' title="bbox 139 1571 2173 1662; baseline 0.002 -26"><span class='ocrx_word' id='word_1_92' title='bbox 139 1571 206 1636; x_wconf 90' lang='lat' dir='ltr'>in</span> <span class='ocrx_word' id='word_1_93' title='bbox 228 1575 805 1641; x_wconf 88' lang='lat' dir='ltr'>Herculanensium</span> <span class='ocrx_word' id='word_1_94' title='bbox 820 1574 1241 1641; x_wconf 89' lang='lat' dir='ltr'>Voluminum</span> <span class='ocrx_word' id='word_1_95' title='bbox 1262 1581 1440 1641; x_wconf 88' lang='lat' dir='ltr'>tomo</span> <span class='ocrx_word' id='word_1_96' title='bbox 1461 1574 1524 1640; x_wconf 93' lang='lat' dir='ltr'>II</span> <span class='ocrx_word' id='word_1_97' title='bbox 1543 1599 1604 1659; x_wconf 95' lang='lat' dir='ltr'>p.</span> <span class='ocrx_word' id='word_1_98' title='bbox 1627 1579 1793 1641; x_wconf 90' lang='lat'>1-1</span> <span class='ocrx_word' id='word_1_99' title='bbox 1807 1579 1888 1642; x_wconf 84' lang='lat'>16</span> <span class='ocrx_word' id='word_1_100' title='bbox 1909 1577 2173 1662; x_wconf 91' lang='lat' dir='ltr'>publice</span> 
     </span>
     <span class='ocr_line' id='line_1_15' title="bbox 140 1683 706 1765; baseline 0.009 -22"><span class='ocrx_word' id='word_1_101' title='bbox 140 1683 505 1765; x_wconf 88' lang='lat' dir='ltr'>propositas</span> <span class='ocrx_word' id='word_1_102' title='bbox 553 1706 706 1748; x_wconf 91' lang='lat' dir='ltr'>esse.</span> 
     </span>
    </p>

    <p class='ocr_par' dir='ltr' id='par_1_5' title="bbox 139 1788 2178 3130">
     <span class='ocr_line' id='line_1_16' title="bbox 267 1788 2178 1854; baseline -0.001 -1"><span class='ocrx_word' id='word_1_103' title='bbox 267 1788 439 1854; x_wconf 83' lang='lat' dir='ltr'>Ante</span> <span class='ocrx_word' id='word_1_104' title='bbox 494 1790 660 1854; x_wconf 87' lang='lat' dir='ltr'>hanc</span> <span class='ocrx_word' id='word_1_105' title='bbox 717 1789 1065 1854; x_wconf 88' lang='lat' dir='ltr'>editionem</span> <span class='ocrx_word' id='word_1_106' title='bbox 1121 1790 1251 1854; x_wconf 90' lang='lat' dir='ltr'>iam</span> <span class='ocrx_word' id='word_1_107' title='bbox 1296 1789 1445 1854; x_wconf 90' lang='lat' dir='ltr'>Itali</span> <span class='ocrx_word' id='word_1_108' title='bbox 1493 1794 1748 1854; x_wconf 84' lang='lat' dir='ltr'>textum</span> <span class='ocrx_word' id='word_1_109' title='bbox 1794 1789 1863 1852; x_wconf 89' lang='lat' dir='ltr'>in</span> <span class='ocrx_word' id='word_1_110' title='bbox 1907 1789 2178 1853; x_wconf 88' lang='lat' dir='ltr'>volumi-</span> 
     </span>
     <span class='ocr_line' id='line_1_17' title="bbox 141 1888 2175 1980; baseline 0.004 -27"><span class='ocrx_word' id='word_1_111' title='bbox 141 1888 328 1961; x_wconf 89' lang='lat' dir='ltr'>nibus</span> <span class='ocrx_word' id='word_1_112' title='bbox 384 1896 784 1962; x_wconf 89' lang='lat' dir='ltr'>collectionis</span> <span class='ocrx_word' id='word_1_113' title='bbox 839 1896 1075 1980; x_wconf 89' lang='lat' dir='ltr'>prioris</span> <span class='ocrx_word' id='word_1_114' title='bbox 1121 1894 1570 1962; x_wconf 88' lang='lat' dir='ltr'>restituebant.</span> <span class='ocrx_word' id='word_1_115' title='bbox 1665 1896 1952 1973; x_wconf 86' lang='lat' dir='ltr'>Quorum</span> <span class='ocrx_word' id='word_1_116' title='bbox 2002 1918 2175 1961; x_wconf 89' lang='lat' dir='ltr'>men-</span> 
     </span>
     <span class='ocr_line' id='line_1_18' title="bbox 145 1994 2174 2089; baseline 0.006 -34"><span class='ocrx_word' id='word_1_117' title='bbox 145 1994 382 2064; x_wconf 91' lang='lat' dir='ltr'>tionem</span> <span class='ocrx_word' id='word_1_118' title='bbox 436 2025 697 2085; x_wconf 90' lang='lat' dir='ltr'>perraro</span> <span class='ocrx_word' id='word_1_119' title='bbox 755 2008 819 2067; x_wconf 94' lang='lat' dir='ltr'>et</span> <span class='ocrx_word' id='word_1_120' title='bbox 876 2025 1080 2086; x_wconf 91' lang='lat' dir='ltr'>paene</span> <span class='ocrx_word' id='word_1_121' title='bbox 1130 2025 1462 2086; x_wconf 89' lang='lat' dir='ltr'>nunquam</span> <span class='ocrx_word' id='word_1_122' title='bbox 1508 2003 1657 2088; x_wconf 85' lang='lat' dir='ltr'>feci,</span> <span class='ocrx_word' id='word_1_123' title='bbox 1714 2003 1866 2087; x_wconf 89' lang='lat' dir='ltr'>quia</span> <span class='ocrx_word' id='word_1_124' title='bbox 1911 2003 2174 2089; x_wconf 86' lang='lat' dir='ltr'>linguae</span> 
     </span>
     <span class='ocr_line' id='line_1_19' title="bbox 149 2097 2175 2193; baseline 0.004 -29"><span class='ocrx_word' id='word_1_125' title='bbox 149 2097 417 2170; x_wconf 79' lang='lat' dir='ltr'>Graecae</span> <span class='ocrx_word' id='word_1_126' title='bbox 483 2128 616 2170; x_wconf 92' lang='lat' dir='ltr'>non</span> <span class='ocrx_word' id='word_1_127' title='bbox 680 2108 835 2172; x_wconf 89' lang='lat' dir='ltr'>satis</span> <span class='ocrx_word' id='word_1_128' title='bbox 893 2109 1078 2193; x_wconf 90' lang='lat' dir='ltr'>gnari</span> <span class='ocrx_word' id='word_1_129' title='bbox 1134 2130 1383 2172; x_wconf 91' lang='lat' dir='ltr'>summa</span> <span class='ocrx_word' id='word_1_130' title='bbox 1439 2110 1508 2173; x_wconf 91' lang='lat' dir='ltr'>in</span> <span class='ocrx_word' id='word_1_131' title='bbox 1564 2108 1900 2192; x_wconf 84' lang='lat' dir='ltr'>explendis</span> <span class='ocrx_word' id='word_1_132' title='bbox 1956 2110 2175 2173; x_wconf 86' lang='lat' dir='ltr'>verbis</span> 
     </span>
     <span class='ocr_line' id='line_1_20' title="bbox 145 2202 2175 2278; baseline 0.004 -8"><span class='ocrx_word' id='word_1_133' title='bbox 145 2202 399 2276; x_wconf 89' lang='lat' dir='ltr'>licentia</span> <span class='ocrx_word' id='word_1_134' title='bbox 457 2212 557 2277; x_wconf 91' lang='lat' dir='ltr'>usi</span> <span class='ocrx_word' id='word_1_135' title='bbox 616 2217 782 2276; x_wconf 93' lang='lat' dir='ltr'>sunt.</span> <span class='ocrx_word' id='word_1_136' title='bbox 875 2212 1121 2275; x_wconf 84' lang='lat' dir='ltr'>Textus</span> <span class='ocrx_word' id='word_1_137' title='bbox 1177 2213 1349 2275; x_wconf 91' lang='lat' dir='ltr'>enim</span> <span class='ocrx_word' id='word_1_138' title='bbox 1395 2213 1543 2276; x_wconf 87' lang='lat' dir='ltr'>inde</span> <span class='ocrx_word' id='word_1_139' title='bbox 1590 2236 1627 2275; x_wconf 89' lang='lat' dir='ltr'>a</span> <span class='ocrx_word' id='word_1_140' title='bbox 1671 2213 1998 2277; x_wconf 92' lang='lat' dir='ltr'>locutione</span> <span class='ocrx_word' id='word_1_141' title='bbox 2044 2214 2175 2278; x_wconf 91' lang='lat' dir='ltr'>Ho-</span> 
     </span>
     <span class='ocr_line' id='line_1_21' title="bbox 145 2312 2174 2404; baseline 0.006 -31"><span class='ocrx_word' id='word_1_142' title='bbox 145 2312 372 2379; x_wconf 89' lang='lat' dir='ltr'>merica</span> <span class='ocrx_word' id='word_1_143' title='bbox 437 2338 643 2401; x_wconf 92' lang='lat' dir='ltr'>usque</span> <span class='ocrx_word' id='word_1_144' title='bbox 711 2317 790 2381; x_wconf 89' lang='lat' dir='ltr'>ad</span> <span class='ocrx_word' id='word_1_145' title='bbox 846 2316 1377 2382; x_wconf 90' lang='lat' dir='ltr'>consuetudinem</span> <span class='ocrx_word' id='word_1_146' title='bbox 1429 2316 1855 2402; x_wconf 83' lang='lat' dir='ltr'>Byzantinam</span> <span class='ocrx_word' id='word_1_147' title='bbox 1920 2320 2174 2404; x_wconf 87' lang='lat' dir='ltr'>quidvis</span> 
     </span>
     <span class='ocr_line' id='line_1_22' title="bbox 145 2423 2176 2504; baseline 0.005 -22"><span class='ocrx_word' id='word_1_148' title='bbox 145 2423 640 2504; x_wconf 89' lang='lat' dir='ltr'>comprehendit.</span> <span class='ocrx_word' id='word_1_149' title='bbox 711 2423 849 2491; x_wconf 90' lang='lat' dir='ltr'>Nec</span> <span class='ocrx_word' id='word_1_150' title='bbox 887 2446 1038 2490; x_wconf 88' lang='lat' dir='ltr'>vero</span> <span class='ocrx_word' id='word_1_151' title='bbox 1077 2423 1395 2490; x_wconf 86' lang='lat' dir='ltr'>feliciores</span> <span class='ocrx_word' id='word_1_152' title='bbox 1431 2426 1692 2491; x_wconf 83' lang='lat' dir='ltr'>fuerunt</span> <span class='ocrx_word' id='word_1_153' title='bbox 1730 2426 1798 2490; x_wconf 91' lang='lat' dir='ltr'>in</span> <span class='ocrx_word' id='word_1_154' title='bbox 1836 2430 2176 2493; x_wconf 87' lang='lat' dir='ltr'>sententiis</span> 
     </span>
     <span class='ocr_line' id='line_1_23' title="bbox 139 2518 2174 2621; baseline 0.008 -38"><span class='ocrx_word' id='word_1_155' title='bbox 139 2518 529 2613; x_wconf 81' lang='lat' dir='ltr'>indagandis.</span> <span class='ocrx_word' id='word_1_156' title='bbox 620 2531 957 2608; x_wconf 72' lang='lat' dir='ltr'>‘Quoniam</span> <span class='ocrx_word' id='word_1_157' title='bbox 1031 2536 1248 2596; x_wconf 87' lang='lat' dir='ltr'>tamen</span> <span class='ocrx_word' id='word_1_158' title='bbox 1319 2554 1544 2598; x_wconf 82' lang='lat' dir='ltr'>verum</span> <span class='ocrx_word' id='word_1_159' title='bbox 1616 2533 1685 2597; x_wconf 90' lang='lat' dir='ltr'>in</span> <span class='ocrx_word' id='word_1_160' title='bbox 1749 2534 1872 2598; x_wconf 90' lang='lat' dir='ltr'>hoc</span> <span class='ocrx_word' id='word_1_161' title='bbox 1937 2558 2174 2621; x_wconf 86' lang='lat' dir='ltr'>genere</span> 
     </span>
     <span class='ocr_line' id='line_1_24' title="bbox 139 2636 2173 2725; baseline 0.005 -32"><span class='ocrx_word' id='word_1_162' title='bbox 139 2636 509 2705; x_wconf 65' lang='lat' dir='ltr'>emendandi</span> <span class='ocrx_word' id='word_1_163' title='bbox 588 2639 732 2721; x_wconf 93' lang='lat' dir='ltr'>ipso</span> <span class='ocrx_word' id='word_1_164' title='bbox 808 2660 1001 2724; x_wconf 86' lang='lat' dir='ltr'>saepe</span> <span class='ocrx_word' id='word_1_165' title='bbox 1077 2640 1314 2703; x_wconf 89' lang='lat' dir='ltr'>obtutu</span> <span class='ocrx_word' id='word_1_166' title='bbox 1391 2644 1454 2704; x_wconf 92' lang='lat' dir='ltr'>et</span> <span class='ocrx_word' id='word_1_167' title='bbox 1519 2638 1828 2704; x_wconf 83' lang='lat' dir='ltr'>felicitate</span> <span class='ocrx_word' id='word_1_168' title='bbox 1895 2642 2173 2725; x_wconf 89' lang='lat' dir='ltr'>quadam</span> 
     </span>
     <span class='ocr_line' id='line_1_25' title="bbox 141 2737 2173 2831; baseline 0.006 -34"><span class='ocrx_word' id='word_1_169' title='bbox 141 2737 299 2801; x_wconf 91' lang='lat' dir='ltr'>oculi</span> <span class='ocrx_word' id='word_1_170' title='bbox 350 2764 476 2811; x_wconf 88' lang='lat' dir='ltr'>non</span> <span class='ocrx_word' id='word_1_171' title='bbox 538 2744 756 2810; x_wconf 92' lang='lat' dir='ltr'>minus</span> <span class='ocrx_word' id='word_1_172' title='bbox 811 2769 1007 2830; x_wconf 90' lang='lat' dir='ltr'>quam</span> <span class='ocrx_word' id='word_1_173' title='bbox 1055 2745 1396 2810; x_wconf 86' lang='lat' dir='ltr'>scrutando</span> <span class='ocrx_word' id='word_1_174' title='bbox 1445 2743 1796 2829; x_wconf 86' lang='lat' dir='ltr'>invenitur,</span> <span class='ocrx_word' id='word_1_175' title='bbox 1843 2746 1972 2829; x_wconf 91' lang='lat' dir='ltr'>ipsi</span> <span class='ocrx_word' id='word_1_176' title='bbox 2021 2769 2173 2831; x_wconf 91' lang='lat' dir='ltr'>quo-</span> 
     </span>
     <span class='ocr_line' id='line_1_26' title="bbox 144 2850 2175 2935; baseline 0.002 -24"><span class='ocrx_word' id='word_1_177' title='bbox 144 2860 261 2920; x_wconf 82' lang='lat' dir='ltr'>que</span> <span class='ocrx_word' id='word_1_178' title='bbox 332 2871 439 2914; x_wconf 88' lang='lat' dir='ltr'>sua</span> <span class='ocrx_word' id='word_1_179' title='bbox 507 2852 755 2935; x_wconf 56' lang='lat' dir='ltr'>§buccea</span> <span class='ocrx_word' id='word_1_180' title='bbox 827 2854 1090 2917; x_wconf 91' lang='lat' dir='ltr'>habent.</span> <span class='ocrx_word' id='word_1_181' title='bbox 1196 2851 1423 2934; x_wconf 90' lang='lat' dir='ltr'>Itaque</span> <span class='ocrx_word' id='word_1_182' title='bbox 1499 2850 1798 2933; x_wconf 89' lang='lat' dir='ltr'>quotiens</span> <span class='ocrx_word' id='word_1_183' title='bbox 1873 2874 1974 2915; x_wconf 90' lang='lat' dir='ltr'>me</span> <span class='ocrx_word' id='word_1_184' title='bbox 2040 2851 2175 2916; x_wconf 89' lang='lat' dir='ltr'>illis</span> 
     </span>
     <span class='ocr_line' id='line_1_27' title="bbox 146 2946 2173 3040; baseline -0.001 -16"><span class='ocrx_word' id='word_1_185' title='bbox 146 2946 458 3031; x_wconf 74' lang='lat' dir='ltr'>quidpiam</span> <span class='ocrx_word' id='word_1_186' title='bbox 528 2957 775 3023; x_wconf 79' lang='lat' dir='ltr'>debere</span> <span class='ocrx_word' id='word_1_187' title='bbox 848 2958 1244 3040; x_wconf 91' lang='lat' dir='ltr'>iudicabam,</span> <span class='ocrx_word' id='word_1_188' title='bbox 1319 2957 1443 3020; x_wconf 91' lang='lat' dir='ltr'>hoc</span> <span class='ocrx_word' id='word_1_189' title='bbox 1508 2956 1576 3019; x_wconf 93' lang='lat' dir='ltr'>in</span> <span class='ocrx_word' id='word_1_190' title='bbox 1641 2957 2173 3022; x_wconf 89' lang='lat' dir='ltr'>adnotationibus</span> 
     </span>
     <span class='ocr_line' id='line_1_28' title="bbox 146 3064 642 3130; baseline 0.012 -10"><span class='ocrx_word' id='word_1_191' title='bbox 146 3064 642 3130; x_wconf 72' lang='lat' dir='ltr'>commemoravi.</span> 
     </span>
    </p>
   </div>
   <div class='ocr_carea' id='block_1_4' title="bbox 275 3157 2173 3252">
    <p class='ocr_par' dir='ltr' id='par_1_6' title="bbox 275 3157 2173 3252">
     <span class='ocr_line' id='line_1_29' title="bbox 275 3157 2173 3252; baseline 0.002 -26"><span class='ocrx_word' id='word_1_192' title='bbox 275 3157 528 3232; x_wconf 84' lang='lat' dir='ltr'>Partem</span> <span class='ocrx_word' id='word_1_193' title='bbox 575 3169 738 3236; x_wconf 91' lang='lat' dir='ltr'>libri</span> <span class='ocrx_word' id='word_1_194' title='bbox 795 3169 1009 3252; x_wconf 90' lang='lat' dir='ltr'>quarti</span> <span class='ocrx_word' id='word_1_195' title='bbox 1066 3191 1145 3234; x_wconf 84' lang='lat' dir='ltr'>ex</span> <span class='ocrx_word' id='word_1_196' title='bbox 1204 3167 1558 3233; x_wconf 83' lang='lat' dir='ltr'>Oxoniensi</span> <span class='ocrx_word' id='word_1_197' title='bbox 1614 3167 1913 3251; x_wconf 85' lang='lat' dir='ltr'>exemplo</span> <span class='ocrx_word' id='word_1_198' title='bbox 1971 3168 2173 3231; x_wconf 83' lang='lat' dir='ltr'>edidit</span> 
     </span>
    </p>
   </div>
   <div class='ocr_carea' id='block_1_5' title="bbox 159 3253 2337 3685">
    <p class='ocr_par' dir='ltr' id='par_1_7' title="bbox 159 3253 2337 3685">
     <span class='ocr_line' id='line_1_30' title="bbox 159 3253 2165 3368; baseline 0.006 -44"><span class='ocrx_word' id='word_1_199' title='bbox 159 3253 506 3368; x_wconf 69' lang='lat' dir='ltr'>Leonardus</span> <span class='ocrx_word' id='word_1_200' title='bbox 550 3275 835 3360; x_wconf 84' lang='lat' dir='ltr'>Spengel</span> <span class='ocrx_word' id='word_1_201' title='bbox 891 3274 961 3338; x_wconf 91' lang='lat' dir='ltr'>in</span> <span class='ocrx_word' id='word_1_202' title='bbox 1013 3275 1171 3340; x_wconf 79' lang='lat' dir='ltr'>Abh.</span> <span class='ocrx_word' id='word_1_203' title='bbox 1218 3277 1327 3340; x_wconf 80' lang='lat' dir='ltr'>der</span> <span class='ocrx_word' id='word_1_204' title='bbox 1372 3274 1631 3341; x_wconf 69' lang='lat' dir='ltr'>Miinch.</span> <span class='ocrx_word' id='word_1_205' title='bbox 1678 3275 1876 3338; x_wconf 76' lang='lat' dir='ltr'>Acad.</span> <span class='ocrx_word' id='word_1_206' title='bbox 1969 3273 2165 3337; x_wconf 79' lang='lat' dir='ltr'>Phil.-</span> 
     </span>
     <span class='ocr_line' id='line_1_31' title="bbox 171 3353 2173 3472; baseline 0.011 -53"><span class='ocrx_word' id='word_1_207' title='bbox 171 3353 310 3472; x_wconf 37' lang='grc' dir='ltr'>ἣξει..</span> <span class='ocrx_word' id='word_1_208' title='bbox 338 3367 428 3433; x_wconf 72' lang='lat' dir='ltr'>Ol.</span> <span class='ocrx_word' id='word_1_209' title='bbox 461 3374 568 3461; x_wconf 88' lang='lat' dir='ltr'>III,</span> <span class='ocrx_word' id='word_1_210' title='bbox 606 3385 637 3444; x_wconf 88' lang='lat'>1</span> <span class='ocrx_word' id='word_1_211' title='bbox 694 3383 863 3446; x_wconf 84' lang='lat'>1837</span> <span class='ocrx_word' id='word_1_212' title='bbox 905 3403 967 3463; x_wconf 92' lang='lat' dir='ltr'>p.</span> <span class='ocrx_word' id='word_1_213' title='bbox 998 3383 1369 3446; x_wconf 79' lang='lat'>207-303.</span> <span class='ocrx_word' id='word_1_214' title='bbox 1443 3380 1507 3444; x_wconf 91' lang='lat' dir='ltr'>Is</span> <span class='ocrx_word' id='word_1_215' title='bbox 1556 3398 1945 3463; x_wconf 89' lang='lat' dir='ltr'>quamquam</span> <span class='ocrx_word' id='word_1_216' title='bbox 1993 3400 2173 3465; x_wconf 88' lang='lat' dir='ltr'>saga-</span> 
     </span>
     <span class='ocr_line' id='line_1_32' title="bbox 178 3473 2173 3571; baseline 0.018 -60"><span class='ocrx_word' id='word_1_217' title='bbox 178 3473 410 3571; x_wconf 66' lang='lat' dir='ltr'>cissime</span> <span class='ocrx_word' id='word_1_218' title='bbox 453 3478 720 3555; x_wconf 87' lang='lat' dir='ltr'>plurima</span> <span class='ocrx_word' id='word_1_219' title='bbox 765 3486 1070 3570; x_wconf 83' lang='lat' dir='ltr'>absolvit,</span> <span class='ocrx_word' id='word_1_220' title='bbox 1118 3491 1336 3551; x_wconf 90' lang='lat' dir='ltr'>tamen</span> <span class='ocrx_word' id='word_1_221' title='bbox 1384 3485 1557 3569; x_wconf 91' lang='lat' dir='ltr'>quod</span> <span class='ocrx_word' id='word_1_222' title='bbox 1605 3481 1957 3565; x_wconf 86' lang='lat' dir='ltr'>exemplari</span> <span class='ocrx_word' id='word_1_223' title='bbox 2006 3483 2173 3547; x_wconf 89' lang='lat' dir='ltr'>Nea-</span> 
     </span>
     <span class='ocr_line' id='line_1_33' title="bbox 184 3556 2337 3685; baseline 0.017 -71"><span class='ocrx_word' id='word_1_224' title='bbox 184 3556 448 3634; x_wconf 76' lang='lat' dir='ltr'>politano</span> <span class='ocrx_word' id='word_1_225' title='bbox 491 3589 758 3657; x_wconf 85' lang='lat' dir='ltr'>nondum</span> <span class='ocrx_word' id='word_1_226' title='bbox 805 3594 903 3659; x_wconf 78' lang='lat' dir='ltr'>uti</span> <span class='ocrx_word' id='word_1_227' title='bbox 950 3596 1226 3677; x_wconf 89' lang='lat' dir='ltr'>poterat,</span> <span class='ocrx_word' id='word_1_228' title='bbox 1271 3589 1584 3655; x_wconf 89' lang='lat' dir='ltr'>nonnulla</span> <span class='ocrx_word' id='word_1_229' title='bbox 1632 3588 1992 3672; x_wconf 91' lang='lat' dir='ltr'>supplenda</span> <span class='ocrx_word' id='word_1_230' title='bbox 2031 3587 2181 3649; x_wconf 84' lang='lat' dir='ltr'>reli·</span> <span class='ocrx_word' id='word_1_231' title='bbox 2229 3604 2337 3685; x_wconf 58' lang='lat'>,⁴⁴</span> 
     </span>
    </p>
   </div>
  </div>
 </body>
</html>
