2650 3903
1125 223 1562 276 —VI—

200 383 203 386 ’
324 368 606 456 gendum
652 368 876 453 utique
916 373 1102 455 esset,
1150 371 1537 437 temeritatis
1577 373 1850 439 subinde
1890 398 2083 460 quam
2119 378 2363 462 passim

328 474 745 540 obscuritatis
782 475 1015 541 vitium
1054 476 1449 561 deprehendi
1486 479 1700 544 malui.
1756 480 1954 548 Velut
1983 482 2125 568 ipsa
2153 484 2363 569 prima

324 580 565 667 pagina
610 605 666 647 v.
712 584 821 667 13,
864 584 947 647 14
1001 586 1240 669 μορίου
1295 584 1684 671 interposui,
1744 588 1916 671 quod
1973 611 2363 675 quamquam

325 710 445 771 pro
479 686 899 773 exquisitiore
927 687 1144 753 nescio
1176 711 1303 774 quo
1333 692 1651 756 vocabulo
1680 693 1970 776 positum
1999 701 2113 782 est,
2146 702 2363 763 tamen

323 794 680 858 sententiae
737 796 869 860 fere
928 795 1262 863 satisfacit.
1354 796 1630 863 Omnino
1689 803 1905 863 autem
1963 800 2132 866 liber
2181 804 2363 887 alter,

322 906 640 984 quatenus
705 902 1046 967 restitutus
1115 906 1238 987 est,
1304 903 1441 967 sine
1507 926 1756 968 summa
1821 905 1890 969 in
1946 906 2359 973 coniectando

330 1007 594 1072 audacia
649 1007 907 1072 restitui
961 1030 1093 1072 non
1148 1012 1423 1092 poterat.
1517 1008 1661 1075 Scio
1709 1035 1774 1095 p.
1812 1012 1917 1095 97,
1963 1013 2043 1077 18
2092 1015 2363 1077 verbum

323 1114 657 1202 ἀπράκτου
726 1137 856 1179 non
913 1114 1268 1200 exstitisse,
1334 1138 1771 1200 synonymum
1829 1118 2033 1183 credo,
2134 1117 2363 1204 Neque

323 1221 619 1305 equidem
667 1221 827 1286 mihi
873 1244 1004 1286 non
1051 1222 1431 1288 temerarius
1473 1246 1612 1288 esse
1650 1222 1933 1311 videbar,
1982 1247 2128 1290 cum
2166 1249 2227 1309 p.
2260 1228 2363 1310 99,

322 1329 406 1393 28
447 1325 954 1414 Ἀπολλόδωρον
1007 1329 1381 1416 scriberem,
1439 1334 1504 1394 et
1550 1354 1613 1415 p.
1655 1332 1768 1416 99,
1808 1334 1847 1396 3
1890 1326 2212 1416 Ἐφεσίων
2258 1353 2363 1394 au-

323 1433 538 1498 daciae
578 1434 842 1499 crimine
879 1457 1013 1500 non
1050 1437 1311 1500 carebit.
1388 1435 1515 1501 Sed
1554 1436 1918 1502 Usenerum
1956 1438 2172 1521 ipsum
2212 1460 2363 1521 quo-

322 1563 445 1624 que
493 1541 563 1604 in
608 1541 726 1605 has
773 1563 960 1606 voces
1013 1542 1244 1607 deferri
1292 1542 1621 1627 videbam,
1669 1542 2086 1608 scitissimum
2132 1544 2362 1608 talium

321 1669 538 1711 rerum
576 1648 1071 1713 aestimatorem.
1146 1648 1269 1712 Est
1307 1647 1554 1732 aliquid
1590 1648 1978 1715 audendum:
2023 1650 2193 1715 liber
2229 1651 2362 1736 legi

323 1777 515 1838 posse
565 1756 783 1818 debet:
829 1754 933 1819 vel
981 1776 1060 1818 ex
1109 1777 1321 1820 errore
1368 1754 1661 1820 veritatis
1709 1777 1900 1839 saepe
1939 1756 2187 1821 fructus
2226 1778 2361 1820 suc-

328 1860 556 1925 crescit
605 1866 669 1924 et
717 1861 1094 1945 percipitur.

454 1966 578 2031 Sed
626 1968 886 2052 saepius
934 1992 1130 2054 quam
1167 1968 1620 2054 temeritatem,
1669 1991 1831 2053 quae
1871 1992 2126 2055 semper
2162 1970 2362 2034 habet

328 2073 575 2158 aliquid
620 2075 1136 2161 vituperationiS,
1184 2077 1557 2142 tarditatem
1605 2076 1850 2163 ingenii
1889 2077 2214 2163 quispiam
2254 2077 2363 2141 ob-

321 2180 637 2268 iurgabit,
696 2205 859 2268 quae
917 2188 1089 2250 caret
1148 2185 1353 2271 culpa.
1447 2184 1655 2250 Multa
1710 2185 1847 2249 sine
1906 2185 2103 2249 dubio
2160 2182 2362 2264 hiant,

322 2307 485 2367 quae
533 2293 836 2368 poterant
875 2292 1103 2355 sanari.
1182 2291 1495 2375 Concedo,
1541 2292 1763 2354 Davus
1803 2313 1962 2374 sum,
2008 2312 2140 2354 non
2179 2287 2362 2352 Oedi-

322 2412 463 2473 pus.
556 2390 835 2455 Videant
891 2393 1027 2456 alii:
1083 2414 1202 2456 nec
1256 2418 1408 2458 vero
1462 2417 1604 2456 mea
1651 2395 1719 2456 in
1765 2399 2100 2475 posterum
2145 2394 2361 2455 Philo·

324 2497 516 2562 demo
564 2497 768 2562 deerit
817 2519 1028 2581 opera.

1109 2629 1146 2669 a:
1527 2629 1564 2670 ’k

1317 2676 1356 2716 21<

455 2816 721 2881 Praeter
759 2815 1057 2899 exempla
1094 2813 1529 2900 Neapolitana
1567 2816 1771 2881 musei
1809 2814 1974 2901 regii
2009 2812 2358 2878 Borbonici

322 2923 701 3010 apographa
743 2923 872 3006 illa,
920 2945 1082 3007 quae
1122 2921 1359 2989 Oxonii
1397 2923 1831 3007 adservantur,
1879 2921 2164 2986 adhibui.
2247 2920 2362 2985 At-

322 3053 448 3114 que
487 3029 746 3115 insigni,
784 3052 913 3113 qua
945 3029 1110 3093 solet
1141 3052 1297 3116 esse,
1337 3031 1743 3118 benignitate
1771 3028 2145 3095 Theodorus
2176 3027 2364 3094 Gom-

322 3159 501 3222 perz,
555 3137 788 3202 horum
845 3136 1205 3202 studiorum
1261 3138 1449 3203 facile
1507 3137 1783 3223 primuS,
1839 3158 1954 3202 sua
1999 3136 2160 3200 mihi
2207 3156 2361 3218 apo-

322 3244 599 3329 grapha,
656 3265 818 3328 quae
867 3242 1103 3308 Oxonii
1150 3244 1440 3309 facienda
1487 3249 1845 3328 curaverat,
1899 3242 2240 3326 concessit,
2287 3244 2362 3304 ut

323 3349 453 3414 iam
483 3355 829 3436 antequam
860 3351 1110 3416 exirent
1140 3356 1375 3438 ectypa
1403 3352 1862 3437 photographa
1887 3350 2365 3434 (Herculanean

312 3460 548 3541 papyri
592 3459 907 3524 Bodleian
947 3459 1347 3546 faosimiles)‚
1406 3458 1534 3522 illis
1591 3456 1687 3522 uti
1736 3479 2010 3542 possem.
2103 3454 2364 3536 Ectypa

321 3562 463 3647 ipsa
510 3568 666 3630 tunc
713 3564 969 3631 demum
1018 3566 1294 3653 contuli,
1344 3589 1490 3633 cum
1536 3586 1770 3651 magna
1817 3584 1974 3697 naas
2017 3556 2364 3625 voluminis

1973 3700 2008 3761 ἱῑι
