2650 3903
373 1111 441 1177 Si
495 1134 776 1197 possem,
829 1110 988 1176 haec
1032 1108 1396 1175 Philodemi
1451 1110 1529 1175 de
1575 1109 1897 1177 rhetorica
1940 1110 2270 1176 volumina

238 1219 582 1285 retinerem
648 1223 711 1282 et
777 1222 1216 1283 retractaremv
1247 1216 1470 1301 potius
1526 1239 1719 1302 quam
1776 1218 2043 1284 ederem.
2145 1216 2270 1283 Sed

237 1327 443 1394 multa
488 1349 590 1392 me
639 1328 1061 1409 commovent,
1107 1329 1181 1389 ut
1228 1346 1391 1408 quae
1437 1325 1713 1390 habeam
1759 1324 2020 1389 tandem
2068 1325 2267 1389 edam.

235 1434 406 1501 Nam
461 1439 526 1498 et
581 1454 931 1518 puerorum
985 1430 1088 1496 vel
1144 1431 1437 1497 educatio
1491 1432 1595 1497 vel
1650 1431 1977 1497 institutio
2034 1453 2137 1495 me
2185 1432 2267 1495 ab

236 1542 356 1606 hac
411 1539 771 1606 studiorum
827 1537 1192 1605 subtilitate
1247 1536 1457 1624 magis
1512 1538 1849 1625 magisque
1902 1540 2158 1603 revocat
2205 1541 2271 1600 et

236 1647 569 1733 amplioris
623 1645 922 1711 lectionis
978 1645 1212 1711 cotidie
1268 1650 1485 1710 movet
1542 1644 1955 1729 desiderium,
2021 1648 2086 1707 et
2133 1642 2273 1707 infi-

234 1754 357 1819 niti
416 1752 661 1820 laboris
716 1751 951 1837 aliquis
1005 1752 1265 1817 tandem
1320 1751 1471 1816 finis
1526 1751 1857 1816 faciendus
1913 1749 2271 1832 videbatur,

241 1864 304 1923 et
343 1859 770 1944 complurium
800 1858 1212 1924 contentione
1243 1863 1308 1923 et
1337 1857 1573 1924 iudicio
1603 1856 2091 1943 philologorum
2120 1855 2270 1940 plus

239 1965 407 2029 effici
463 1988 657 2047 quam
712 1966 902 2031 unius
958 1988 1156 2050 opera
1211 1969 1516 2050 expertus
1571 1964 1721 2030 sci0.
1814 1963 1911 2028 Ac
1968 1986 2116 2049 spes
2173 1967 2272 2026 est

237 2069 342 2133 his
388 2067 827 2161 voluminibus
866 2072 1056 2134 editis
1095 2072 1380 2137 virorum
1418 2071 1754 2136 doctorum
1791 2069 2012 2134 oculos
2049 2069 2117 2132 in
2154 2069 2271 2130 has

240 2174 548 2259 reliquias
596 2175 882 2238 converti
930 2196 1140 2259 posse,
1188 2197 1347 2259 quas
1396 2195 1541 2239 cum
1578 2175 1659 2237 ad
1697 2174 2060 2238 scholarum
2096 2172 2272 2237 illius

238 2282 470 2347 aetatis
508 2280 683 2346 rixas
721 2280 1291 2366 contentionesque
1331 2280 1592 2365 penitus
1621 2279 2101 2365 perspiciendas
2131 2284 2272 2344 tum

237 2389 318 2453 ad
373 2387 729 2454 rhetoricae
777 2388 990 2454 studia
1036 2387 1419 2455 illustranda
1464 2387 1684 2474 magni
1731 2387 1926 2472 pretii
1974 2410 2112 2451 esse
2161 2409 2272 2450 ex-

237 2495 473 2560 istimo.
540 2494 834 2580 Denique
874 2495 1069 2560 etiam
1107 2495 1184 2560 de
1212 2495 1484 2580 Epicuri
1512 2494 1930 2579 philosophia
1956 2493 2271 2559 nonnulla
2403 2551 2407 2556 .

235 2602 382 2667 inde
431 2600 832 2667 addiscimus

369 2708 756 2791 Priusquam
794 2712 1011 2773 autem
1051 2708 1126 2772 de
1163 2707 1435 2772 materia
1474 2711 1538 2771 et
1567 2706 2037 2791 compositione
2067 2703 2271 2769 totius

235 2813 451 2898 operis
483 2813 898 2898 disputarem,
935 2836 1140 2898 pauca
1168 2813 1641 2898 praemittenda
1668 2813 2073 2896 videbantur,
2106 2832 2271 2895 quae

236 2920 318 2982 ad
376 2920 593 3004 ipsum
652 2924 907 2985 textum
965 2920 1312 3004 pertinent.
1413 2918 1490 2985 In
1549 2942 1677 3003 quo
1733 2918 2082 3004 redigendo
2138 2938 2272 2981 non

236 3024 464 3090 dubito
513 3026 670 3110 quin
715 3026 905 3091 multi
952 3049 1054 3090 me
1102 3026 1402 3091 audaciae
1449 3025 1884 3090 insimulaturi
1922 3025 2069 3090 sint.
2146 3021 2271 3088 Sed

234 3132 358 3197 hoc
405 3131 721 3216 inprimiS,
768 3132 1019 3218 opinor,
1063 3133 1411 3198 videndum
1450 3136 1604 3216 erat,
1650 3136 1723 3197 ut
1770 3153 1917 3196 cum
1962 3130 2271 3195 miserum

233 3239 617 3324 plerumque
665 3243 730 3303 et
774 3239 1065 3303 hiantem
1111 3243 1365 3305 textum
1410 3238 1815 3327 haberemus,
1859 3239 2078 3300 vastae
2121 3233 2270 3297 illae

232 3345 526 3430 lacunae,
582 3367 745 3429 quae
803 3345 1033 3411 seriem
1090 3350 1155 3409 et
1210 3343 1760 3410 continuationem
1807 3340 2272 3406 sententiarum

234 3452 775 3535 complexumque
821 3452 1169 3518 verborum
1217 3451 1608 3533 dirimerent,
1656 3447 1901 3513 coirent
1950 3453 2014 3512 et
2057 3447 2270 3531 exple-

236 3563 474 3623 rentur.
561 3557 850 3642 Cumque
900 3558 1153 3624 duobus
1199 3557 1388 3623 malis
1435 3554 1793 3641 propositis
1840 3555 2115 3619 alterum
2163 3551 2270 3616 eli-

2381 3684 2416 3713 ΑΙ
